4190 6246
915 525 1143 612 fm-

222 713 344 801 zazeivq
370 715 539 800 γενήσεται.
566 711 655 774 lll’rl.
687 709 784 774 Παιάν
805 713 855 774 καὶ
879 717 944 776 πῶς
968 713 1076 794 λέγεις,
1102 713 1164 776 ΣΦ.
1198 714 1329 800 ’1ὴοτοῦ
1354 715 1421 779 ἴσου
1445 719 1507 782 κτλ.
1541 723 1589 785 De
1612 741 1674 802 quo
1700 721 1766 785 1000
1793 741 1832 784 ne-

224 833 312 915 lougi
339 831 435 896 simus
460 830 501 894 ad
525 829 725 895 Stallbaumii
749 830 986 910 explicationem
1010 831 1077 896 baec
1100 832 1236 897 lecturos
1259 834 1408 916 ablegare
1431 834 1511 899 licet.
1552 835 1713 901 Nominari
1736 835 1832 917 igitur

228 951 260 1013 iu
283 949 331 1012 his
353 965 480 1028 quoque
501 945 597 1010 finem
620 951 652 1012 et
674 945 829 1010 infinitum
853 947 948 1024 vides,
975 951 1006 1010 et
1030 965 1100 1027 qnae
1124 948 1155 1011 iu
1178 967 1276 1013 uuum
1299 949 1453 1013 conducta
1474 969 1537 1014 non
1560 956 1648 1027 sunt,
1674 969 1719 1015 00
1740 951 1832 1031 plura

228 1064 399 1128 continent.
424 1063 521 1125 Recte
543 1061 639 1142 igitur
662 1079 719 1125 nos
741 1059 835 1125 finem
859 1061 891 1125 in
916 1079 1031 1143 genera
1055 1069 1087 1127 et
1111 1064 1228 1143 species
1252 1064 1386 1129 divisum
1402 1084 1471 1130 esse
1486 1067 1629 1132 diximus.
1653 1067 1832 1133 Omiseram.

228 1179 250 1242 ii
275 1179 331 1258 qui
354 1177 571 1257 colloquuntur
586 1176 618 1240 h.
628 1176 652 1240 l.
666 1177 784 1256 species
796 1175 865 1242 finis
876 1177 908 1240 in
920 1197 1017 1241 unum
1029 1178 1210 1256 conducere,
1225 1178 1371 1258 quoniam
1384 1179 1450 1245 eius
1463 1181 1580 1261 species
1591 1200 1630 1246 ex
1640 1180 1752 1245 infiniti
1764 1201 1832 1262 spe-

132 1367 135 1372 ,
229 1293 356 1371 ciebus,
388 1293 500 1372 quibus
531 1291 694 1356 contrariae
727 1297 839 1368 essent,
873 1297 982 1372 sponte
1005 1292 1242 1374 colligebantur.
1289 1294 1338 1357 Ex
1361 1295 1410 1358 his
1433 1296 1530 1378 igitur
1552 1297 1654 1361 lucem
1677 1297 1832 1377 accipiunt

231 1426 302 1489 quae
337 1407 423 1472 falsae
446 1407 557 1470 Zelleri
590 1407 840 1488 interpretationi
874 1425 982 1471 ansam
1016 1407 1183 1472 dederunt:
1228 1409 1278 1468 rai
1312 1407 1375 1492 μὴν
1405 1409 1440 1469 τὸ
1465 1431 1497 1488 γε
1521 1411 1617 1496 πέρας
1640 1409 1709 1472 οὔτε
1733 1409 1829 1470 πολλὰ.

231 1523 313 1609 εἶχεν
334 1521 397 1582 οὔτ’
421 1518 672 1603 ἐδυσκολαὶναμεν
696 1519 739 1582 ὡς
761 1519 823 1582 οὐκ’
848 1519 885 1606 ἦν
907 1519 940 1582 ἓν
963 1519 1063 1604 φύσει.
1089 1522 1154 1587 Cfr.
1178 1543 1209 1604 p.
1235 1529 1286 1601 26,
1312 1526 1351 1589 D,

318 1665 423 1729 Unum
447 1662 587 1744 profecto
610 1682 748 1728 errorem
770 1681 875 1754 meum
899 1663 1023 1727 detexit
1046 1664 1194 1742 Zellerus,
1220 1666 1303 1745 quod
1328 1667 1506 1733 Aristoxeni
1527 1669 1630 1734 locmn
1653 1669 1763 1733 Harm.
1780 1669 1830 1732 El.

227 1780 269 1858 ll,
295 1782 349 1844 30.
374 1778 523 1843 Meibom.
547 1777 625 1843 falso
648 1779 680 1842 in
703 1779 855 1842 auxilium
873 1791 1074 1843 vocaveram.
1099 1780 1136 1843 ln
1160 1799 1231 1860 quo,
1257 1783 1347 1861 quasi
1369 1783 1396 1847 is
1420 1802 1508 1849 error
1531 1784 1672 1865 capitalis
1696 1789 1777 1848 esset
1799 1789 1832 1848 et

227 1896 318 1976 quasi
340 1895 413 1958 inde
436 1895 647 1959 coniecturam
663 1895 702 1958 de
719 1895 847 1974 reliquis
863 1893 968 1958 lacere
984 1893 1100 1971 liceret,
1123 1896 1312 1980 detorquens
1329 1917 1400 1963 mea
1416 1900 1536 1964 exultat
1552 1900 1666 1980 gaudio
1682 1899 1829 1978 Zellems,

231 2011 306 2074 satis
329 2028 366 2074 ea
388 2028 423 2074 re
446 2010 587 2075 indicans
610 2029 643 2074 se
666 2028 727 2074 non
751 2010 870 2074 habere
893 2011 976 2089 quod
1000 2028 1074 2073 vere
1096 2011 1173 2074 mihi
1196 2018 1343 2093 opponat.

318 2145 375 2208 His
410 2145 603 2226 argumentis
632 2145 722 2208 nixus
745 2144 883 2207 Zellerus
913 2162 950 2207 00
976 2151 1118 2223 perstare
1146 2145 1220 2209 dicit
1253 2147 1286 2208 in
1310 2149 1465 2212 sententia
1488 2166 1525 2212 ea
1548 2167 1644 2228 quam
1667 2148 1698 2211 in
1722 2146 1832 2210 studiis
1907 2229 1909 2233 ι

227 2261 396 2326 Platonicis
419 2280 450 2341 p.
475 2266 549 2337 248,
575 2278 643 2339 sqq.
667 2259 809 2342 pluribus
832 2259 969 2340 probare
992 2260 1157 2337 studuerit,
1184 2279 1279 2340 quarn
1302 2263 1422 2326 interea
1445 2262 1540 2326 etiam
1564 2262 1616 2326 alii
1631 2261 1832 2344 probaverint

230 2377 374 2441 Siebeck.
400 2375 579 2453 Schneider,
613 2375 731 2441 scilicet
753 2393 814 2439 non
835 2373 870 2434 τὸ
892 2373 988 2459 πέρας
1005 2375 1059 2439 sed
1074 2375 1110 2435 τὸ
1126 2373 1223 2437 αἴτιον
1239 2377 1270 2440 h.
1286 2376 1307 2440 l.
1324 2394 1395 2440 eum
1410 2376 1511 2440 locum
1526 2382 1634 2442 tencre
1649 2394 1742 2457 quem
1758 2376 1832 2441 alibi

229 2493 307 2556 idea
334 2496 471 2555 teneant.
511 2491 554 2554 At
576 2509 638 2554 non
662 2491 806 2570 probavit
832 2489 870 2552 Α.
896 2490 1166 2572 Trendelenburg.
1207 2492 1354 2556 Ceterum
1377 2490 1433 2556 cfr.
1459 2493 1553 2556 etiam
1577 2492 1699 2556 Philebi
1721 2511 1753 2571 p.
1778 2495 1830 2568 59,

230 2608 264 2670 C.
290 2612 341 2683 61,
367 2609 410 2672 D.
432 2607 471 2669 E.
497 2607 548 2680 62,
573 2605 611 2668 A.
643 2605 756 2685 quibus
779 2605 811 2668 in
833 2605 909 2669 locis
933 2624 1008 2669 0000
1032 2605 1145 2670 mimm
1169 2606 1273 2683 luerit,
1299 2607 1382 2686 quod
1406 2606 1502 2668 αἰτίας
1526 2608 1640 2671 mentio
1664 2606 1748 2671 lacta
1771 2615 1832 2672 000

229 2727 322 2795 esset,
347 2722 374 2784 si
397 2714 472 2784 'vera
494 2725 598 2784 essent
621 2738 690 2799 quae
716 2719 856 2784 Zellerus
879 2721 963 2784 velit.

322 2838 1826 2940 mmmmmmmmammmmmnmmmm

234 2974 271 3031 ut
292 2969 445 3034 rationem
467 2987 537 3048 quae
560 2970 710 3033 mnndum
734 2970 887 3033 creaverit
910 2970 1050 3052 intellegi
1072 2988 1199 3034 necesse
1215 2971 1263 3046 sit,
1289 2971 1322 3034 id
1346 2971 1406 3035 sibi
1428 2971 1505 3034 nihil
1529 2969 1613 3034 aliud
1635 2971 1714 3034 velle
1737 2971 1829 3048 dicat,

233 3102 328 3164 quam
350 3084 473 3149 Platoni
502 3084 556 3144 τὸν
588 3085 657 3145 uodo
687 3089 719 3148 et
748 3085 851 3148 ideam
875 3085 948 3149 boni
978 3084 1037 3149 hac
1061 3086 1092 3148 in
1116 3104 1211 3149 causa
1234 3085 1266 3148 in
1290 3105 1387 3149 unum
1411 3085 1591 3150 coincidisse
1613 3091 1645 3149 et
1667 3086 1736 3150 haec
1759 3084 1829 3162 duo,

235 3200 357 3262 comnia
380 3219 399 3262 a
422 3200 544 3265 ratione
566 3199 677 3265 effecta
700 3217 785 3264 esser
813 3206 845 3264 et
872 3201 994 3264 «omnia
1014 3200 1182 3265 essentiam
1198 3219 1288 3265 suam
1304 3202 1344 3265 ab
1361 3201 1432 3265 idea
1448 3202 1621 3282 accepisse»
1640 3201 1723 3266 idem
1738 3199 1832 3283 sigui-
1926 3289 1928 3295 A

228 3312 346 3390 ficasse,
372 3314 403 3377 id
427 3315 510 3394 quod
534 3316 628 3379 etiam
654 3333 693 3378 ex
715 3315 881 3379 Phaedonis
904 3315 980 3392 loco,
1006 3333 1099 3394 quem
1123 3334 1218 3396 supra
1241 3316 1446 3393 laudavimus
1472 3321 1616 3397 apertum
1639 3316 1707 3380 fieri
1729 3321 1830 3398 putat.

317 3455 384 3532 Quo
414 3462 524 3522 eontra
552 3476 609 3522 nos
640 3457 694 3537 qni
724 3458 767 3521 sic
792 3457 915 3539 neglegi
938 3458 1099 3522 videamus
1122 3458 1261 3523 Platonis
1286 3458 1324 3522 de
1348 3459 1413 3522 Deo
1438 3457 1624 3536 doctrinam,
1661 3477 1755 3539 quam
1778 3478 1832 3539 po-

227 3570 347 3635 tissima
370 3571 437 3636 eius
460 3571 576 3653 Opera,
602 3572 729 3649 Phaedo,
754 3572 912 3650 Philebus,
938 3573 1136 3654 Respublica,
1162 3574 1308 3649 Timaeus,
1338 3578 1373 3636 nt
1389 3574 1490 3654 Leges
1512 3577 1643 3651 taceam,
1668 3578 1832 3654 tantopere
1936 3641 1939 3648 ,

229 3687 466 3763 commendent,
503 3687 627 3768 neglegi
662 3687 804 3751 idearum
837 3693 994 3764 naturam,
1032 3707 1095 3768 qua
1128 3707 1234 3752 rerum
1268 3688 1394 3768 quidem
1427 3689 1460 3752 in
1494 3706 1526 3752 se
1560 3689 1727 3752 essentiam
1760 3707 1831 3753 con·
1950 3715 1962 3732 .

228 3800 364 3878 tineent,
402 3801 457 3865 scd
491 3818 621 3881 perraro
656 3809 787 3885 agentes
818 3803 888 3878 siut,
920 3809 1091 3883 utrumque
1114 3804 1327 3885 disiungentcs
1351 3822 1407 3884 pro
1430 3803 1499 3866 iure
1521 3806 1628 3866 nostro
1651 3803 1829 3882 quaerimus,

227 3915 303 3994 quid
334 3915 511 3996 prohibeat,
545 3919 711 3996 quominus
746 3918 784 3982 de
808 3919 937 3983 Platone
962 3920 1071 3983 eadem
1094 3919 1229 3994 valeant,
1265 3937 1336 4000 quae
1359 3919 1391 3982 in
1416 3917 1544 3983 Socrate
1567 3919 1663 3982 tantis
1685 3918 1831 3984 laudibus

227 4029 311 4095 ferat
333 4030 481 4109 Zellerus,
496 4030 518 4112 ¹)
551 4033 727 4113 prasertim
750 4052 846 4113 quum
870 4034 960 4098 Plato
984 4035 1058 4114 ipse,
1090 4034 1176 4098 cuius
1200 4039 1266 4098 tam
1289 4053 1370 4114 pura
1393 4032 1452 4097 init
1474 4032 1632 4114 theologia
1656 4032 1725 4116 (cir.
1749 4032 1831 4097 inter

230 4145 292 4210 alia
314 4147 506 4227 Reipublicae
530 4153 705 4212 evtremum
728 4149 898 4213 secundum
920 4149 1051 4227 librum,
1084 4149 1163 4213 Tim.
1187 4169 1217 4230 p.
1243 4152 1295 4226 29,
1321 4147 1384 4227 a),
1410 4147 1547 4211 Socratis
1570 4147 1609 4211 de
1632 4166 1751 4212 summo
1774 4167 1831 4213 nu-

231 4261 310 4326 mine
343 4262 593 4342 persuasionem,
629 4264 820 4344 religionem,
846 4265 1071 4342 reverentiam,
1108 4282 1180 4328 snas
1214 4265 1281 4344 ipse
1316 4263 1518 4345 cogitationes
1542 4281 1598 4326 000
1622 4263 1716 4327 00101
1740 4281 1831 4328 00000

233 4377 371 4454 aperiens
407 4375 538 4460 010005,
573 4379 741 4443 immortali
775 4379 869 4443 laude
909 4379 1115 4444 celebraverit
1144 4397 1198 4456 ea,
1230 4397 1300 4459 quae
1332 4382 1418 4442 extat
1440 4378 1472 4441 in
1496 4377 1667 4461 Symposio,
1698 4398 1729 4458 p.
1754 4383 1828 4455 220,

232 4490 266 4554 Ο.
300 4510 382 4573 sqq,
426 4493 466 4556 de
506 4511 569 4573 qua
603 4494 755 4574 praeclare
790 4495 921 4559 Hasius:
970 4495 1049 4558 Eine
1083 4494 1189 4558 Nar-ht
1230 4493 1328 4558 durch
1368 4493 1485 4556 blickte
1520 4491 1663 4557 Socrates
1697 4513 1736 4556 zu
1769 4493 1830 4557 den

228 4605 394 4671 (testimon
428 4608 507 4672 iiber
542 4608 608 4671 ihm
642 4608 706 4671 und
740 4608 797 4672 001
824 4609 874 4674 die
906 4609 1170 4691 unergrttudliche
1200 4608 1286 4672 Tiefe
1318 4609 1418 4672 seines
1434 4605 1593 4672 Gemi'iths‘
1612 4609 1643 4672 in
1665 4608 1745 4673 ihm:
1768 4609 1830 4687 als

228 4721 304 4784 aber
328 4721 378 4785 die
402 4721 505 4787 Sonne
528 4721 667 4805 aulging,
693 4721 744 4786 fiel
768 4742 802 4788 er
825 4725 933 4788 nieder
955 4725 1019 4788 und
1042 4725 1148 4789 betete
1171 4723 1391 4788 uurGottheit.
1417 4723 1458 4788 So
1477 4725 1594 4789 blicket
1610 4725 1706 4788 Jeder
1721 4723 1833 4788 hinanf

230 4891 441 4900 ———.

318 4986 339 5054 ¹)
358 4986 411 5042 efr.
432 4989 494 5043 hist.
514 4989 581 5057 phil.
603 4990 640 5058 ΙΙ,
662 4995 685 5044 1.
705 5009 731 5058 p.
753 4994 811 5058 146,
830 5007 868 5058 sq.
889 4989 929 5045 ed.
952 4993 976 5043 3.
