4190 6246
995 413 1213 473 ..12-

307 611 432 686 guntur.
479 603 671 686 Reipublicae
706 621 779 668 vero
814 603 931 680 locum,
968 602 1021 682 qui
1055 607 1103 666 est
1126 602 1180 678 VI,
1207 608 1280 678 509,
1305 601 1357 680 Β,
1391 617 1481 666 neruo
1515 603 1699 668 luculentius
1723 598 1903 686 explicuerit

307 720 345 786 A.
370 719 673 802 Trcndelenhurgio,
704 717 889 785 immortalis
918 717 1076 782 memoria
1100 716 1182 793 viro,
1213 735 1306 798 quem
1329 715 1387 782 cir.
1411 715 1451 781 de
1473 717 1611 784 Platonis
1634 717 1756 784 Philebi
1778 717 1904 784 consilio

307 852 337 917 p.
366 841 415 902 19.
443 834 549 900 «Inter
572 834 650 900 ideae
673 833 824 916 ponendae
847 831 984 898 rationes
1006 851 1069 898 una
1093 832 1227 898 maxime
1250 832 1350 898 latere
1372 850 1434 897 non
1457 832 1563 898 debet.
1586 833 1645 899 Est
1668 839 1775 898 autem
1798 853 1905 898 rerum

306 951 467 1016 consilium
490 954 522 1014 et
545 949 628 1030 finis;
663 968 764 1030 neque
787 949 870 1014 enirn
892 949 1015 1014 Platoni
1038 947 1151 1014 sufficit
1172 947 1356 1030 intelligere,
1385 967 1454 1014 esse
1477 948 1594 1030 aliquid
1616 955 1649 1014 et
1671 949 1746 1030 quid
1769 949 1818 1028 sit,
1849 950 1905 1014 sed

306 1085 362 1131 cur
393 1067 439 1130 ita
461 1083 528 1130 esse
551 1067 626 1147 ipsis
649 1067 744 1132 rebus
766 1065 919 1147 optimum
941 1064 982 1129 sit
1004 1063 1185 1144 requiritur.
1232 1062 1328 1128 Cuius
1350 1065 1396 1130 rei
1418 1065 1572 1145 praeclara
1594 1064 1744 1146 expositio
1767 1065 1797 1128 in
1821 1063 1906 1130 Ana-

309 1199 433 1264 xagorae
464 1182 606 1247 doctriua
636 1181 843 1246 examinanda
872 1179 993 1244 Socrati
1024 1178 1182 1244 Platonico
1212 1177 1345 1244 debetur
1368 1180 1399 1244 in
1422 1179 1580 1248 enecone
1604 1183 1648 1264 (p.
1673 1185 1724 1258 97,
1750 1181 1785 1246 G.
1810 1180 1904 1262 sqq).

309 1299 376 1376 Quo
399 1297 466 1362 loco
489 1297 572 1378 quod
595 1298 626 1362 in
649 1298 744 1362 rebus
768 1295 976 1378 intelligendis
999 1291 1121 1374 ἀγαθὸν
1144 1299 1295 1376 tanquam
1317 1313 1440 1360 summa
1463 1295 1532 1360 linis
1556 1296 1636 1362 ratio
1658 1296 1844 1378 postulatur,
1873 1295 1905 1359 id

311 1413 342 1477 in
365 1412 440 1494 ipsis
462 1411 539 1476 ideis
562 1429 734 1493 earuurque
757 1417 906 1477 concentu
929 1409 1101 1493 perficitur.
1137 1411 1227 1476 Hanc
1250 1411 1391 1475 intimam
1414 1410 1556 1476 ideamm
1580 1429 1717 1488 seusam,
1742 1411 1821 1476 sicut
1836 1411 1906 1475 aliis

307 1529 390 1602 locis,
415 1529 460 1592 ita
483 1529 514 1592 in
538 1545 604 1608 rep.
628 1528 668 1592 X.
692 1547 723 1609 p.
748 1531 823 1605 601,
849 1528 888 1593 D.
912 1525 1119 1609 significatam
1143 1525 1307 1591 inveneris.
1336 1527 1381 1592 llt
1404 1526 1486 1590 enirn
1509 1526 1563 1606 qui
1578 1526 1785 1591 instrumenta
1800 1531 1902 1607 parat,

308 1662 397 1708 usum
421 1643 638 1725 circumspicit,
669 1643 719 1708 cui
742 1641 1005 1708 accommodanda
1027 1641 1098 1719 sint,
1129 1641 1174 1706 ita
1197 1641 1284 1719 ideae,
1309 1641 1350 1705 ad
1373 1659 1451 1723 quas
1474 1642 1618 1707 universo
1640 1643 1707 1708 loco
1730 1641 1903 1723 respicitur,

307 1759 353 1824 rei
383 1761 472 1840 quasi
502 1759 596 1824 linem
626 1759 794 1824 continent.
841 1758 915 1833 Hic,
948 1757 974 1822 si
996 1756 1070 1838 quid
1093 1756 1193 1834 aliud,
1227 1755 1356 1840 singulis
1379 1776 1417 1822 cx
1440 1757 1510 1822 idea
1534 1758 1606 1824 boni
1630 1757 1817 1840 repetendus
1839 1761 1902 1836 est;

307 1875 382 1956 quid
412 1875 495 1940 enirn
523 1875 609 1939 aliud
632 1876 748 1940 bouum
771 1892 866 1954 quarn
890 1891 1043 1957 summus,
1079 1873 1129 1937 cui
1151 1890 1256 1938 rerum
1280 1878 1446 1938 concentus
1468 1872 1562 1950 inest,
1599 1873 1688 1938 linis?
1722 1873 1814 1939 Unde
1837 1873 1903 1937 lieri

307 1995 419 2072 potest,
444 1996 480 2054 ut
502 1991 618 2055 bonum
642 1989 794 2072 dignitate
817 1989 887 2072 plus
910 1989 1026 2070 polleat
1049 2007 1144 2070 quam
1167 2007 1235 2054 esse
1250 1994 1283 2054 et
1298 1989 1484 2054 substantia.
1516 1989 1593 2054 Haec
1609 1990 1690 2054 errirn
1707 1990 1779 2054 boni
1795 1989 1905 2054 maies-

306 2111 365 2182 tas,
390 2110 426 2169 ut
450 2104 490 2170 ad
513 2103 607 2170 finem
630 2110 662 2169 et
684 2105 773 2185 quasi
796 2104 1034 2187 intelligentiam
1057 2105 1265 2170 substantiam
1288 2123 1345 2186 per
1361 2123 1394 2169 se
1410 2122 1526 2168 ooeoam
1543 2085 1668 2186 dirigat.
1699 2105 1765 2169 lloc
1780 2104 1904 2184 quidem

307 2221 383 2286 illud
406 2227 462 2298 est,
486 2221 518 2285 in
544 2220 627 2302 quod
651 2219 834 2303 significatio
858 2220 994 2301 alioquin
1019 2221 1154 2285 obscura
1178 2220 1330 2284 intendat.
1356 2223 1451 2303 (resp.
1476 2220 1530 2297 Vl,
1556 2239 1586 2300 p.
1612 2219 1701 2294 509.)
1725 2217 1779 2280 ola
1802 2217 1904 2281 οἰσιίις

307 2333 394 2396 ὄντος
424 2335 478 2396 τοῦ
510 2332 631 2414 ἀγαθοῦ
660 2333 722 2396 ἀλλ’
747 2335 790 2397 ἔτι
813 2333 947 2398 ἐπέκεινα
970 2339 1024 2423 τῆς
1048 2333 1152 2396 οὐσίας
1176 2333 1326 2421 πρεσβειᾳ
1348 2332 1398 2396 καὶ
1421 2333 1547 2416 δυνάμει
1568 2331 1781 2420 ὑπερέχοντος.
1827 2335 1903 2400 Esse

307 2452 424 2533 aliquid
460 2449 574 2535 (οὐσία)
610 2469 667 2534 per
701 2471 735 2517 se
768 2451 893 2532 quidem
927 2451 1019 2516 inane
1054 2457 1110 2528 est,
1146 2451 1205 2516 msl
1234 2451 1307 2516 boni
1333 2451 1405 2515 idea
1427 2451 1458 2514 id
1482 2451 1564 2532 quod
1587 2455 1635 2515 est
1658 2451 1699 2515 ad
1722 2451 1902 2532 dignitatem

306 2567 453 2632 evexerit.
490 2559 595 2646 Quare
618 2566 667 2630 laic·
690 2567 776 2633 locus
799 2568 901 2633 Deum
924 2568 1035 2632 innuat
1057 2586 1183 2632 necesse
1205 2586 1267 2632 non
1290 2572 1366 2632 est.»
1395 2567 1496 2632 Tanto
1519 2567 1551 2631 id
1574 2566 1676 2631 nunus
1698 2583 1822 2632 necesse
1844 2569 1899 2640 est,

307 2682 390 2762 quod
413 2683 445 2746 in
469 2681 639 2764 Symposio,
665 2683 696 2748 in
720 2702 780 2765 quo
805 2685 909 2764 Opere
931 2684 1002 2748 idea
1025 2683 1147 2765 pulchri
1172 2682 1306 2747 eundern
1329 2682 1431 2748 locum
1450 2683 1579 2760 obtinet,
1606 2681 1676 2766 loir.
1698 2681 1805 2765 Symp.
1829 2683 1901 2756 210,

308 2787 676 2879 A.-212,B.),'que1n
698 2799 770 2864 idea
793 2800 865 2865 boni
888 2799 921 2864 in
937 2799 1117 2880 Republica,
1142 2805 1311 2879 utmrnque
1334 2780 1541 2880 coniungitur.
1578 2797 1725 2862 Ideamrn
1747 2815 1819 2861 curu
1843 2797 1907 2862 ani·

309 2914 367 2978 ruis
397 2913 643 2993 communicatio,
676 2915 701 2980 si
732 2916 860 2982 accedat
894 2915 954 2980 Dei
980 2915 1123 2980 voluntas
1146 2920 1241 2994 atque
1264 2931 1360 2992 amor,
1385 2913 1481 2978 animi
1505 2913 1771 2978 inmortalitatem
1793 2919 1908 2994 parant

308 3030 496 3110 donantque.
522 3028 587 3094 Ofr.
611 3049 642 3112 p.
667 3034 741 3109 212,
766 3030 805 3095 A.
829 3027 964 3092 ἐνταῦθα
987 3027 1072 3112 αὐτῷ
1087 3030 1224 3115 μοναχοῦ
1241 3027 1407 3114 γενήσεται,
1432 3026 1545 3113 ὁρῶντι
1574 3026 1734 3113 ῴὸρατάν
1754 3027 1791 3088 τὸ
1805 3026 1906 3102 καλὸν,

306 3142 416 3206 τίκτειν
445 3141 499 3206 οὐκ
528 3141 639 3206 aldoin
670 3148 791 3232 ἀρετῆς,
822 3143 876 3208 ἀτε
905 3143 958 3207 οὐκ
987 3143 1114 3207 εἰδώλου
1137 3143 1351 3228 ἐφαπτομένῳ,
1382 3141 1458 3204 ἀλλά
1481 3142 1592 3232 ἀληθῆ,
1616 3141 1670 3205 ἅτε
1693 3145 1747 3204 τοῦ
1770 3141 1908 3230 ἀληθοῦς
1989 3123 1993 3134 ’

295 3247 522 3344 θαπτομένῳ.
553 3259 670 3322 τεκόντι
700 3259 735 3322 ἀὲ
765 3259 878 3347 ἀρετὴν
909 3257 1011 3355 ἀληθῆ
1038 3259 1089 3322 καὶ
1113 3257 1305 3345 θρεάαμένῳ
1328 3257 1461 3346 ὑπάρχει
1485 3257 1621 3344 θεοφιλεῖ
1641 3258 1788 3340 γενέσθω
1809 3260 1860 3323 καὶ
1882 3257 1912 3322 εἴ

310 3373 369 3459 πέρ
404 3397 450 3457 τῳ
487 3372 571 3458 ἀλλῳ
603 3372 791 3460 ἀνθρώπιον,
828 3373 980 3458 ἀθανάτῳ
1008 3375 1058 3437 καὶ
1081 3374 1194 3458 ἐκείνῳ.
1241 3377 1287 3442 Ut
1308 3377 1340 3440 in
1364 3377 1481 3443 Timaeo
1505 3378 1591 3442 Deus
1614 3378 1726 3441 mentis
1749 3377 1853 3442 oculos
1874 3375 1904 3438 iu

308 3491 395 3555 ideas
424 3495 606 3556 convertens
629 3492 780 3556 mundum
803 3492 927 3569 format,
952 3493 996 3557 sic
1019 3493 1166 3558 hocloco
1190 3493 1268 3558 ideae
1292 3492 1487 3558 efficientiam
1511 3495 1612 3558 aDeo
1636 3493 1799 3574 accipiunt,
1823 3493 1854 3554 et
1869 3497 1904 3553 ut

308 3607 339 3671 in
363 3608 482 3673 Timaeo
513 3609 621 3672 mundi
651 3609 811 3673 aeternitas
839 3628 901 3673 non
932 3611 972 3674 ab
996 3609 1138 3674 idearum
1162 3607 1307 3687 efficacia,
1333 3609 1388 3674 sed
1411 3627 1430 3673 a
1453 3608 1512 3673 Dei
1535 3608 1728 3690 benignitate
1743 3607 1904 3690 repetitur,

315 3722 385 3806 (cfr.
409 3743 440 3805 p.
465 3730 517 3801 41,
542 3725 581 3790 A.
606 3723 677 3806 sq),
706 3725 816 3790 eodem
838 3743 967 3806 prorsus
989 3725 1080 3790 modo
1103 3725 1250 3790 hocloco
1274 3723 1448 3789 animorum
1470 3725 1689 3788 immortalitas
1712 3725 1827 3790 donum
1850 3725 1907 3788 Dei

309 3844 357 3902 est
381 3840 516 3904 amantis
539 3839 689 3905 homines.
713 3840 838 3906 Nemini
862 3845 967 3905 autern
991 3840 1032 3906 ad
1054 3842 1137 3906 hunc
1158 3857 1259 3921 usque
1274 3841 1356 3904 diem
1371 3840 1403 3904 in
1419 3845 1555 3904 mentem
1568 3841 1654 3905 venit
1668 3840 1771 3905 ideam
1785 3838 1907 3921 pulchri

309 3973 365 4034 pro
390 3956 456 4020 Deo
485 3955 614 4020 habere.
662 3957 726 4021 Gur
748 3956 846 4039 igitur
868 3957 907 4022 de
929 3957 1001 4022 idea
1023 3957 1096 4023 boni
1120 3957 1209 4022 aliter
1233 3957 1380 4033 iudicant,
1405 3975 1537 4036 eamque
1560 3961 1616 4020 aut
1637 3956 1739 4036 ipsam
1760 3974 1816 4037 pro
1841 3955 1907 4019 Deo

310 4070 428 4135 habent
458 4076 514 4135 aut
540 4076 625 4165 certe
654 4072 733 4137 ideae
763 4072 855 4136 huius
884 4073 947 4136 vim
978 4078 1009 4136 et
1033 4073 1092 4137 Dei
1114 4077 1262 4137 naturam
1284 4071 1446 4136 nonsatis
1469 4071 1647 4136 distinctam
1670 4071 1867 4136 essevolunt
1890 4091 1909 4134 a

312 4185 464 4250 Platone?
488 4187 566 4250 Haec
589 4187 672 4251 dicta
695 4193 786 4253 sunto
810 4188 906 4252 etiarn
928 4192 1037 4253 contra
1061 4189 1096 4253 O.
1120 4187 1319 4268 Stumpfimu.
1351 4184 1416 4251 Olr.
1440 4187 1506 4250 eius
1528 4186 1644 4251 librum
1668 4186 1758 4253 docte
1781 4207 1855 4253 sane
1878 4191 1909 4252 et

310 4300 466 4383 sagaciter
494 4302 658 4383 scriptino:
695 4303 772 4381 Quae
797 4303 877 4368 ratio
899 4303 1074 4368 intercedat
1096 4303 1178 4367 inter
1201 4305 1303 4367 Deum
1326 4301 1465 4366 Platonis
1488 4307 1520 4366 et
1541 4302 1644 4367 ideam
1668 4303 1750 4380 boni,
1787 4304 1910 4385 scripsit

311 4417 346 4481 C.
371 4415 507 4498 Stumpf.
531 4418 621 4484 Halis
648 4423 742 4485 1869.
766 4419 798 4484 Is
821 4420 924 4484 ideam
947 4419 1020 4484 boni
1044 4424 1075 4483 et
1091 4420 1202 4496 Deum,
1227 4419 1401 4500 pugnantia
1423 4436 1538 4497 secum,
1567 4420 1600 4483 in
1622 4439 1719 4486 unum
1735 4419 1907 4502 coniungit;

186 4571 188 4576 .
297 4534 350 4597 ¹ab
373 4533 439 4613 ipso
461 4534 594 4600 inventis
616 4554 673 4616 pro
693 4520 860 4601 Platonicis
883 4535 982 4599 utitur
1015 4533 1085 4618 (cir.
1108 4553 1140 4615 p.
1165 4538 1218 4599 61.
1234 4534 1417 4600 relationem
1439 4534 1604 4616 primam);
1633 4534 1827 4600 incredibilia
1852 4552 1909 4615 pro

312 4648 394 4712 veris
425 4649 584 4715 vendidat.
616 4649 681 4715 Gir.
708 4670 739 4732 p.
766 4654 817 4716 75.
840 4652 882 4716 in.
906 4671 937 4732 p.
963 4654 1016 4716 89.
1040 4651 1082 4715 in.
1105 4669 1137 4731 p.
1162 4654 1215 4715 92.
1239 4650 1281 4715 in.
1305 4669 1336 4731 p.
1361 4655 1414 4716 94.
1437 4670 1464 4716 ο.
1489 4652 1573 4732 dp.
1599 4655 1651 4717 96.
1698 4627 1779 4728 Quid
1803 4654 1908 4714 autem

310 4763 476 4843 prohibeat
498 4782 559 4846 quo
583 4766 685 4831 minus
709 4766 777 4831 aliis
800 4767 883 4845 locis,
908 4767 1023 4847 quibus
1046 4766 1085 4831 de
1107 4766 1185 4830 ideis
1207 4766 1239 4829 in
1262 4766 1441 4830 universum
1464 4783 1565 4830 sermo
1588 4771 1645 4842 est,
1670 4765 1740 4829 idea
1763 4765 1836 4830 boni
1860 4783 1909 4829 eo-

310 4879 381 4943 dem
404 4879 470 4944 loco
494 4886 526 4945 et
548 4881 657 4946 ordine
680 4882 728 4959 sit,
754 4900 814 4961 quo
838 4882 967 4962 reliquae
990 4883 1119 4947 omnes?
1144 4881 1209 4947 Cir.
1226 4882 1307 4946 Tim.
1327 4901 1358 4963 p.
1377 4887 1427 4957 30,
1447 4881 1481 4945 O.
1499 4898 1566 4959 sqq.
1583 4878 1706 4943 Philebi
1719 4897 1793 4944 vero
1808 4880 1908 4946 locum
