4190 6246
978 507 1176 570 -4...

274 695 483 778 professorum
507 715 636 762 munere
658 701 691 762 et
713 696 882 761 honoribus
897 697 1061 774 ornaretis,
1087 715 1220 778 quorum
1244 697 1338 764 etiam
1358 698 1579 765 celeberrimus
1595 679 1716 766 Daniel.
1733 701 1874 784 Wytten-

274 811 387 877 nbuch.
419 811 487 890 luit,
517 813 591 878 civis
615 816 731 877 noster.
755 811 812 876 His
837 810 933 893 igitur
956 813 1110 878 maiorum
1126 814 1310 878 Vestrorum
1334 814 1452 880 meritis
1475 820 1508 879 et
1524 816 1645 882 Vestris
1667 821 1700 880 et
1715 819 1874 898 perpetum

274 927 431 993 societatis
462 932 495 992 et
525 928 669 993 arrricitiae
703 926 833 992 vinculis
855 928 1024 993 Vobiscum
1047 927 1200 994 coniuncti
1233 933 1265 993 et
1294 928 1439 1010 obligati,
1471 948 1566 1010 quum
1597 931 1706 996 eadem
1734 931 1874 1012 utrisque

274 1062 397 1126 semper
426 1043 565 1124 pericula
594 1042 791 1108 imminerent
826 1048 860 1106 et
888 1043 1027 1108 timenda
1064 1048 1183 1122 esseut,
1221 1043 1344 1108 eosdem
1375 1045 1490 1110 aulicos
1521 1047 1644 1111 eosdem
1674 1047 1812 1113 inimicos
1843 1053 1872 1112 et

275 1161 379 1224 hostes
409 1158 607 1237 haberemus,
632 1196 676 1205 -
699 1159 786 1224 cuius
816 1158 862 1223 rei
885 1159 966 1223 inter
990 1158 1052 1223 alia
1076 1159 1211 1242 synodus
1228 1159 1479 1224 Dortrechtensis
1502 1162 1643 1242 quamvis
1665 1161 1799 1245 lugubre
1822 1164 1875 1228 do-

274 1281 453 1341 cumentum
470 1281 527 1354 est,
545 1295 640 1357 quam
660 1279 773 1357 rogatu
789 1275 942 1340 maiorum
959 1275 1153 1352 vestrorum,
1171 1273 1280 1338 iisdem
1295 1275 1408 1355 quibus
1424 1276 1488 1340 Vos
1504 1276 1648 1357 periculis
1664 1277 1872 1356 circumventi,

274 1390 385 1472 legatis
408 1391 569 1470 abivimus,
594 1427 637 1436 ——
661 1391 758 1456 Vobis
782 1392 863 1455 bona
886 1389 990 1454 omnia
1013 1393 1157 1470 optamus
1187 1394 1220 1454 et
1247 1389 1300 1471 pia
1327 1389 1409 1455 Vota
1434 1395 1543 1456 nostra
1565 1409 1635 1456 cum
1660 1393 1781 1458 Vestris
1804 1413 1874 1458 con·

274 1507 446 1590 iungimus,
472 1508 573 1571 Deum
604 1511 770 1588 precantes
799 1509 834 1570 ut
863 1505 978 1570 Vestra
1001 1503 1086 1569 salus
1110 1503 1202 1568 duret
1225 1509 1257 1568 et
1279 1508 1315 1568 ut
1337 1505 1533 1571 Universitas
1558 1507 1689 1585 Vertra,
1725 1514 1760 1572 ut
1783 1508 1874 1573 hodie

276 1624 359 1689 Viris
382 1623 647 1705 praestantissimis
664 1627 695 1688 et
718 1621 902 1687 doctissimis
926 1625 1037 1686 oruata
1060 1626 1108 1686 est
1131 1625 1163 1685 et
1185 1619 1284 1698 floret,
1309 1619 1340 1684 in
1363 1624 1523 1701 posterum
1547 1620 1666 1701 lloreat,
1694 1641 1752 1688 uec
1775 1624 1873 1688 solum

275 1739 376 1821 gentis
399 1739 540 1815 Vestrae,
562 1738 631 1803 -sed
662 1737 756 1803 etiam
780 1739 913 1803 aliarum
929 1737 1076 1824 ¹gentium
1100 1735 1267 1802 comumdis
1290 1741 1322 1801 et
1344 1735 1485 1802 felicitati
1508 1737 1672 1816 inserviat,
1708 1738 1872 1816 libertatis

275 1855 457 1934 studiorum,
482 1854 677 1937 ingeniorum
700 1855 879 1937 praesidium
904 1855 1040 1920 validum
1064 1853 1105 1920 sit
1127 1858 1158 1919 et
1186 1873 1324 1936 perenne
1353 1852 1632 1936 propugnaculum.
1668 1853 1757 1932 Quod
1788 1855 1874 1919 Deus

274 1970 362 2037 faxit.
397 1970 509 2036 Valete
532 1971 683 2052 nobisque
706 1969 818 2036 favete.

359 2191 475 2257 Bonus
499 2191 570 2257 Kal.
594 2191 689 2268 Febr.
712 2211 742 2256 a.
767 2191 1043 2258 MDGGGLXXV.

1272 2411 1406 2478 Noua'ne
1428 2411 1563 2478 Senatus
1586 2413 1765 2480 Academici
