4190 6246
661 1015 1107 1152 narcissino
1153 1013 1479 1150 uuunder
1564 983 1568 990 ⁸

293 1401 1805 1622 lllllldllllslltllll-lllllll

816 1877 1016 1943 RECTOR
1034 1879 1093 1941 ET
1113 1876 1333 1941 SENATUS

527 2169 1140 2280 UNIVERSITATIS
1179 2169 1624 2285 BERNENSIS

366 3003 494 3068 Litteris
524 3003 646 3067 Vestris
674 3008 809 3082 utraque
833 3001 939 3083 lingua
961 3001 1185 3066 humanissime
1209 3001 1332 3082 scriptis
1356 3000 1503 3065 certiores
1528 3000 1602 3065 facti
1626 3001 1689 3065 Vos
1713 3001 1875 3065 saecularia

277 3119 371 3183 tertia
393 3119 525 3183 conditae
541 3118 761 3184 Universitatis
784 3117 974 3182 sollemniter
997 3117 1083 3182 obire
1107 3117 1193 3196 uelle,
1219 3122 1251 3181 et
1273 3115 1581 3180 honorificentissime
1604 3116 1731 3181 aVobis
1755 3116 1875 3181 invitati

275 3238 311 3297 ut
333 3233 451 3298 laetitiae
468 3235 591 3298 Vestrae
614 3233 781 3314 participes
797 3251 865 3296 esse
881 3232 1038 3311 vellemus,
1064 3233 1136 3297 huic
1152 3233 1304 3298 desiderio
1322 3233 1434 3298 Vestro
1450 3236 1538 3296 tanto
1554 3231 1699 3296 libentius
1715 3233 1874 3313 paruimus

275 3349 386 3432 legatis
414 3348 592 3427 mittendiS,
626 3353 742 3429 quanto
771 3349 871 3429 magis
895 3349 1089 3412 admiramur
1112 3351 1259 3414 virtutem
1283 3349 1435 3414 maiorum
1459 3349 1644 3412 Vestrorum
1667 3366 1798 3428 quorum
1821 3348 1875 3412 ho-

274 3467 359 3544 nori,
390 3469 461 3546 post
491 3464 616 3547 longam
645 3464 836 3529 obsidionem
859 3462 1027 3528 fortissime
1050 3464 1225 3544 toleratam,
1255 3466 1362 3530 datum
1386 3469 1434 3528 est
1458 3484 1477 3528 a
1500 3469 1592 3545 grata
1614 3464 1718 3544 patria
1741 3469 1776 3527 ut
1798 3465 1876 3530 Uni-

276 3581 407 3645 versitas
423 3580 548 3658 Vestra,
572 3578 785 3643 firmissimum
807 3579 962 3644 libertatis
985 3581 1261 3663 propugnaculum,
1287 3581 1371 3662 apud
1393 3581 1457 3645 Vos
1480 3581 1673 3658 conderetur,
1698 3586 1876 3662 qrrorrtoque

278 3695 478 3760 interioribus
499 3695 663 3772 libertatis
687 3693 778 3773 fidei,
810 3694 975 3773 societatis
1006 3696 1150 3760 amicitiae
1174 3695 1302 3760 vinculis
1325 3696 1397 3759 inde
1421 3697 1460 3760 ab
1484 3695 1566 3759 omni
1590 3699 1684 3759 aetate
1709 3697 1876 3761 Vobiscum

277 3809 431 3876 coniuncti
454 3809 577 3888 fuimus,
610 3816 642 3875 et
665 3815 781 3891 quanto
805 3810 925 3874 maiora
948 3809 1042 3874 etiam
1065 3811 1106 3875 ad
1128 3830 1184 3876 nos
1207 3830 1244 3875 ex
1268 3811 1479 3876 Universitate
1502 3812 1617 3876 Vestra
1663 3810 1812 3876 beneficia
1829 3831 1876 3876 re-

276 3925 467 3990 dundarunt.
506 3925 555 3988 Ex
577 3944 638 4007 quo
663 3925 745 3990 enim
768 3929 908 4006 tempore
932 3925 1038 3990 inclita
1061 3926 1256 3991 Universitas
1281 3927 1396 3991 Vestra
1419 3927 1543 4000 condita
1565 3930 1622 4004 est,
1647 3930 1770 3990 tantmn
1793 3929 1876 4009 apud

276 4043 339 4107 Vos
366 4042 456 4107 bouae
481 4046 565 4106 artes
589 4047 621 4106 et
644 4041 768 4119 litterae,
794 4060 866 4105 cum
890 4041 959 4106 aliae
981 4046 1049 4105 tum
1073 4042 1267 4123 antiquitatis
1291 4042 1484 4124 potissimum
1508 4042 1629 4106 Latinae
1646 4045 1740 4121 atque
1756 4041 1876 4106 Graecae

276 4157 380 4221 studia
408 4158 634 4222 incrementum
664 4162 828 4238 ceperunt,
859 4161 967 4223 tantus
991 4159 1075 4239 apud
1098 4159 1162 4222 Vos
1185 4177 1241 4240 per
1264 4175 1370 4223 onmes
1394 4161 1503 4221 aetates
1527 4157 1674 4221 Virorum
1698 4158 1821 4239 ingenio
1846 4163 1876 4222 et

278 4271 419 4337 doctrina
440 4292 501 4338 non
524 4273 625 4338 solum
647 4273 814 4356 insigmum
838 4275 893 4339 sed
905 4253 978 4339 vere
993 4274 1169 4356 principum
1185 4293 1333 4339 numerus
1350 4273 1460 4350 extitit,
1485 4278 1520 4338 ut
1534 4274 1620 4337 natio
1637 4274 1761 4351 Vestra,
1779 4271 1876 4355 parvo

277 4408 416 4468 numero,
445 4390 504 4454 hae
527 4391 559 4454 in
589 4409 624 4454 re
655 4407 761 4454 omnes
784 4390 926 4476 nationes
949 4391 974 4455 si
997 4409 1058 4455 non
1082 4395 1246 4472 superaret
1269 4396 1302 4456 at
1325 4390 1541 4471 aequiperaret,
1568 4394 1599 4452 et
1622 4394 1657 4453 ut
1680 4389 1876 4454 Universitas

278 4505 393 4569 Vestra
420 4505 526 4570 schola
549 4505 643 4570 Orbis
666 4505 849 4569 haberetur.
896 4505 1060 4571 Confluere
1083 4507 1124 4571 ad
1148 4508 1211 4572 Vos
1235 4525 1272 4571 ex
1295 4506 1437 4571 omnibus
1460 4505 1553 4570 terris
1577 4505 1716 4570 homines
1740 4506 1876 4570 discendi

274 4639 379 4698 causa,
405 4621 501 4685 etiam
523 4621 631 4698 nostri,
661 4621 801 4702 inprimis
824 4622 960 4704 theologi
984 4627 1015 4686 et
1037 4623 1216 4704 linguarum
1240 4623 1440 4702 antiquarum
1463 4620 1561 4685 futuri
1592 4620 1796 4702 professores
1820 4623 1876 4714 sed

275 4736 370 4800 etiam
394 4736 460 4814 alii,
492 4736 523 4800 in
548 4755 680 4818 quorum
702 4756 832 4802 numero
855 4738 1016 4816 nominare
1039 4739 1132 4804 liceat
1154 4738 1359 4803 Albrecbtum
1383 4737 1564 4816 Hallerum,
1596 4737 1761 4802 Boerhavii
1789 4739 1876 4802 audi-

276 4855 385 4930 torem,
411 4853 551 4934 Operum
574 4852 734 4930 editorem,
759 4853 856 4917 civem
879 4858 1031 4919 nostrum.
1061 4855 1118 4918 His
1141 4873 1202 4918 non
1226 4854 1361 4919 contenti
1384 4858 1472 4918 tanto
1495 4853 1672 4917 litterarum
1695 4872 1876 4934 promouen-

280 4965 390 5036 darum
413 4969 515 5037 studio
538 4967 654 5036 incensi
678 4966 787 5046 fuistis,
812 4972 848 5031 ut
871 4968 987 5037 alienos
1011 4969 1106 5038 etiam
1129 4969 1278 5048 homines,
1304 4969 1356 5054 qui
1372 4967 1549 5038 litterarum
1564 4968 1710 5036 laudibus
1727 4967 1877 5035 florerent
