4190 6246
977 479 1173 542 ..0..

275 673 334 738 sibi
345 675 549 738 constantem.
574 671 643 754 Ego
655 675 760 736 autem
773 669 935 736 Platonem
951 688 1012 734 non
1028 669 1096 735 dico
1112 669 1323 751 pentheistam
1340 667 1480 736 futurum
1497 689 1574 748 esse,
1599 670 1654 734 sed
1670 668 1825 736 Zellerum
1842 669 1873 732 id
1968 701 1973 712 ·
2081 655 2082 662 '

275 807 370 872 agere
399 792 435 852 ut
464 786 691 870 philosophiam
722 785 789 850 eius
813 785 853 850 ad
877 784 1108 866 pantheismum
1131 803 1226 866 quam
1249 785 1389 867 proxime
1412 786 1583 851 adduceret
1605 785 1694 866 eique
1718 803 1812 866 quam
1836 783 1875 848 si·

275 903 435 970 millimarn
458 902 615 968 redderet.
639 903 717 966 Haec
739 906 813 966 sunt
835 919 906 980 quae
930 917 1002 965 vere
1025 899 1143 964 monita
1165 905 1287 966 tantam
1310 901 1350 965 V.
1375 902 1414 966 D.
1438 901 1517 966 iraru
1542 902 1784 966 concitaverunt.
1813 899 1875 964 Sed

275 1020 460 1086 accedamus
483 1019 523 1084 ad
547 1036 624 1084 rem.
649 1017 752 1099 Agam
775 1034 850 1081 vero
873 1015 925 1094 sic,
951 1019 995 1094 ut,
1024 1032 1120 1096 quum
1144 1031 1235 1080 omne
1258 1015 1297 1080 de
1321 1013 1422 1078 Αῖτῖας
1444 1016 1476 1080 10
1499 1016 1629 1081 Philebo
1652 1015 1876 1098 significatione

275 1135 432 1214 iudicium,
457 1141 563 1199 utrum
587 1134 626 1198 de
650 1135 725 1210 Deo,
750 1136 961 1214 (0001100110,
987 1151 1027 1196 an
1043 1131 1082 1194 de
1098 1130 1169 1196 idea
1184 1131 1265 1209 boni,
1291 1149 1361 1212 quae
1377 1131 1488 1198 Zelleri
1505 1131 1660 1197 sententia
1675 1137 1732 1208 est,
1758 1130 1874 1196 dictum

276 1251 324 1330 sit,
350 1271 369 1316 a
392 1249 616 1334 significatione
639 1248 781 1313 vocabuli
805 1243 902 1332 πέρας
926 1245 956 1311 in
980 1246 1089 1310 eodem
1112 1245 1192 1311 libro
1214 1246 1359 1327 pendeat,
1387 1247 1522 1328 primum
1538 1247 1677 1312 Platonis
1693 1265 1730 1310 ex
1746 1245 1875 1310 Philebo

275 1368 366 1446 10000,
391 1365 445 1448 qui
461 1366 630 1430 incensum
653 1363 789 1441 ueniunt,
814 1362 981 1444 explorem,
1011 1361 1122 1426 deinde
1145 1362 1186 1426 ad
1209 1361 1320 1427 Zelleri
1344 1361 1480 1426 rationes
1503 1362 1724 1428 examinandas
1746 1379 1875 1443 pergam
1943 1373 1950 1386 ·

274 1489 306 1548 et
329 1482 474 1563 deinceps
497 1480 618 1561 reliqua
642 1479 766 1556 addam,
792 1497 862 1560 qum
886 1477 926 1546 ad
950 1497 1076 1544 causam
1100 1479 1267 1560 pertinent.

362 1597 490 1663 Initium
518 1595 630 1662 facialll
661 1615 680 1660 a
709 1594 775 1660 1000
799 1594 920 1660 Philebi
951 1613 982 1676 p.
1009 1597 1059 1672 16,
1084 1595 1120 1660 C.
1144 1613 1191 1676 sq.
1227 1595 1277 1656 καὶ
1299 1593 1328 1654 οἷ
1350 1593 1408 1678 μέν
1432 1591 1561 1668 παλαιοί,
1593 1590 1764 1679 κρείττονες
1788 1591 1875 1678 ἡμῶν

274 1713 323 1776 καὶ
355 1708 508 1797 ἐγγυτέρω
538 1709 625 1772 dario
655 1709 822 1786 οἰκοῦντες,
854 1705 967 1795 ταύτην
995 1709 1099 1796 φήμην
1122 1706 1311 1796 παρέδοσαν,
1336 1707 1379 1772 ὡς
1402 1709 1436 1782 ἐξ
1458 1707 1525 1770 ένὸς
1548 1707 1607 1792 μὲν
1629 1706 1679 1770 καὶ
1702 1707 1733 1770 ἐκ
1756 1705 1875 1770 πολλῶν

274 1825 374 1891 ὄντων
397 1831 460 1888 τῶν
483 1825 529 1888 ἀεὶ
552 1823 726 1910 λεγομένων
749 1823 834 1902 εἶναι,
859 1822 957 1911 πέρας
981 1821 1089 1886 δὲκαὶ
1112 1823 1253 1910 ἀπειρίαν
1276 1825 1308 1886 ἐν
1331 1822 1435 1887 αὑτοῖς
1459 1822 1617 1910 ξύμᾳοτον
1640 1823 1787 1910 ἐχόντων.
1812 1823 1874 1886 δεῖν

274 1941 328 2006 οὖν
359 1941 438 2030 ἡμᾶς
469 1938 588 2004 τούτων
616 1938 698 2003 οὕτω
729 1937 1018 2028 διακεκοσμημένων
1049 1939 1095 2002 δεῖ
1122 1937 1196 2024 μίαν
1219 1937 1305 2003 ἰδέαν
1329 1939 1399 2026 περὶ
1421 1939 1535 2002 παντὸς
1558 1937 1703 2002 ἑκάστοτε
1727 1938 1876 2024 δεμένοος

275 2058 385 2146 ζητεῖν·
411 2054 551 2144 εὑρήσειν
575 2052 635 2142 γὰρ
658 2055 797 2118 ἐνοῦσαν·
823 2055 876 2120 εἰλν
899 2054 953 2118 οὖν
975 2053 1210 2140 μεταλάβωμεν,
1234 2055 1313 2139 μετὰ
1335 2053 1409 2139 μίαν
1432 2053 1497 2134 δύο,
1521 2053 1552 2117 εἴ
1570 2069 1635 2118 πως
1650 2054 1717 2132 εἰσί,
1742 2061 1874 2122 σκοπεῖν.

274 2173 300 2236 ει’
323 2172 358 2236 δὲ
380 2171 432 2260 μή,
457 2175 539 2258 τρεῖς
564 2171 581 2257 ἦ
605 2193 672 2234 τινα
697 2169 788 2233 ἄλλον
811 2169 960 2257 δριδμόν,
983 2170 1033 2233 καὶ
1056 2175 1120 2233 τῶν
1141 2170 1176 2234 ’ἐν
1198 2169 1321 2234 ἐκείνων
1345 2169 1474 2234 ἕκαστον
1497 2167 1586 2232 πάλιν
1609 2169 1767 2234 ὡσαύτως.
1815 2175 1876 2239 De·

277 2289 423 2356 scribitur
447 2307 483 2354 eo
506 2288 572 2353 loco
595 2287 758 2353 dialectica
782 2287 955 2353 disserendi
979 2288 1068 2366 ratio,
1094 2286 1164 2370 1011.
1189 2306 1222 2369 p.
1249 2294 1297 2366 17,
1323 2286 1386 2368 Ab,
1411 2287 1498 2352 cuius
1520 2288 1567 2352 vis
1590 2306 1628 2354 ea
1650 2296 1699 2355 est
1718 2294 1754 2354 ut
1770 2309 1874 2355 renuo

272 2407 360 2472 ideas
389 2405 518 2488 indaget
545 2409 577 2468 et
603 2395 692 2468 nulla'
716 2421 750 2468 re
773 2402 965 2468 extrinsecus
988 2403 1019 2468 in
1043 2403 1192 2469 auxilium
1215 2408 1340 2482 vocata,
1366 2402 1521 2486 analytica
1551 2407 1582 2468 et
1613 2404 1787 2486 synthetica
1815 2407 1875 2472 dis·

274 2520 396 2587 serendi
426 2521 476 2585 via
503 2523 595 2584 utens
618 2539 637 2584 a
660 2518 789 2585 summis
811 2517 889 2592 ideis
912 2518 953 2583 ad
976 2518 1138 2585 inferiores
1162 2520 1202 2585 ab
1225 2518 1424 2585 inferioribus
1448 2518 1488 2583 ad
1512 2538 1649 2585 summas
1672 2525 1704 2585 et
1727 2523 1873 2588 ascendat

273 2642 305 2702 et
328 2635 506 2714 descendat,
532 2635 665 2700 multum
688 2634 742 2700 illa
764 2633 824 2699 hac
846 2633 993 2700 methodo
1017 2653 1036 2700 a
1059 2635 1180 2701 ratione
1196 2634 1488 2700 mathematicorum
1505 2634 1695 2718 discrepans.
1727 2637 1791 2704 Cfr.
1807 2637 1869 2702 Pol.

275 2752 328 2831 vl,
355 2757 428 2830 511,
453 2750 491 2816 Β.
527 2751 660 2815 Essem
684 2751 732 2816 his
757 2747 854 2836 πέρας
877 2751 916 2816 de
940 2751 1017 2816 ideis
1041 2756 1226 2833 usurpatum
1250 2756 1381 2833 apparet
1404 2751 1485 2832 inde,
1511 2752 1594 2836 quod
1610 2753 1689 2820 ideae
1705 2773 1775 2836 quae
1791 2773 1873 2835 quae-

273 2867 369 2946 ritur,
403 2866 473 2950 (cfr.
498 2886 529 2948 p.
558 2872 606 2944 16,
632 2865 696 2948 D.),
728 2866 921 2932 inveniendae
951 2884 1022 2948 spes
1052 2866 1124 2932 inde
1147 2867 1278 2948 pendet,
1309 2869 1393 2949 quod
1416 2869 1482 2936 eius
1505 2870 1589 2935 notio
1613 2867 1723 2955 πέρατι
1745 2871 1876 2936 circum-

273 2983 390 3065 scripta
413 2987 470 3048 est.
495 2982 561 3047 Nec
584 2982 616 3048 id
640 2983 804 3048 dubitatur
828 3001 847 3047 a
870 3001 1037 3064 quoquam.
1067 2981 1132 3048 Ch.
1157 2982 1342 3049 Stallhaum.
1367 2985 1407 3050 ad
1430 2985 1462 3050 h.
1485 2985 1506 3051 l.
1531 2991 1563 3051 et
1585 2985 1679 3052 Proll.
1703 3005 1734 3068 p.
1752 2991 1793 3052 29
1807 3004 1875 3068 sqq.

274 3099 343 3166 Non
366 3099 538 3166 abhorrere
559 3099 656 3182 igitur
679 3099 835 3164 videbitur
858 3118 878 3164 a
902 3098 1127 3180 probabilitate
1150 3102 1186 3163 ut
1209 3100 1318 3165 eadem
1342 3101 1424 3166 vocis
1440 3102 1533 3182 notio,
1559 3121 1653 3184 quam
1676 3102 1708 3168 h.
1729 3102 1750 3167 l.
1767 3101 1873 3179 habet,

274 3216 390 3281 seriore
411 3213 503 3280 huius
526 3214 633 3296 scripti
656 3214 722 3279 1000
746 3219 801 3278 aut
824 3214 942 3293 redeat,
967 3218 1023 3280 aut
1045 3215 1146 3280 eidem
1170 3215 1280 3281 saltem
1304 3222 1437 3300 cognata
1453 3218 1503 3284 sit.

320 3393 323 3402 .
361 3333 430 3396 lam
453 3349 621 3414 pergamus
652 3330 692 3396 ad
722 3330 794 3395 alia.
818 3329 943 3396 Philebi
973 3350 1004 3413 p.
1029 3336 1081 3410 23,
1108 3333 1143 3398 C.
1168 3350 1214 3412 sq.
1238 3332 1386 3416 leguntur
1408 3333 1490 3398 haec:
1532 3329 1593 3394 Σβ.
1629 3331 1729 3394 πάντα
1759 3333 1876 3395 τὰνῦν

274 3445 348 3510 ὄντα
371 3447 403 3510 ἐν
426 3446 473 3530 τῷ
495 3444 586 3508 παντὶ
609 3444 681 3532 διχῇ
704 3443 910 3530 διαλάβωμεν,
933 3443 1049 3530 μᾶλλον
1072 3445 1107 3522 δ’,
1132 3446 1160 3509 εἰ
1179 3445 1291 3530 βούλει,
1316 3447 1417 3534 τριχῇ.
1442 3446 1531 3510 llll).
1556 3445 1635 3509 Καθ’
1657 3445 1675 3510 ὅ
1697 3469 1726 3509 τι
1748 3447 1875 3534 0001ζοιο

274 3565 323 3626 ἄν.
354 3560 416 3626 ΣΩ.
441 3560 592 3644 Λάβωμεν
616 3562 694 3624 dara
718 3565 782 3624 τῶν
807 3564 859 3624 νῦν
884 3559 922 3646 δὴ
945 3560 1055 3642 λόγων.
1087 3560 1177 3624 ΠΡέλ.
1202 3560 1299 3639 Ποῖα;
1324 3560 1385 3625 ΣΩ·
1417 3562 1472 3625 Τὸν
1496 3561 1571 3626 dedo
1594 3560 1736 3657 ἐλέγομέν
1760 3585 1817 3626 nou
1840 3564 1876 3625 τὸ

273 3676 331 3762 μέν
357 3678 484 3764 ἄπειρον
507 3675 605 3750 δεῖξαι
628 3681 691 3739 τῶν
714 3674 824 3755 ὄντων,
849 3677 885 3740 τὸ
908 3677 944 3742 δὲ
967 3676 1083 3765 πέρας;
1119 3677 1208 3742 ΠΡΩ.
1240 3677 1327 3742 Πάνο
1348 3678 1407 3764 μὲν
1430 3677 1493 3742 οὖν.
1529 3676 1591 3741 ΣΩ.
1630 3676 1728 3742 Τούτω
1752 3679 1790 3765 δὴ
1813 3685 1875 3742 τῶν

274 3792 365 3856 εἰδῶν
387 3793 426 3856 τὰ
449 3791 504 3856 δύο
527 3791 703 3878 τιδώμεδα,
728 3793 764 3855 τὸ
788 3791 823 3856 δὲ
845 3792 952 3880 τρίτον
975 3794 1009 3868 ἐξ
1033 3797 1147 3880 ἀμφοῖν
1170 3793 1290 3858 τούτοιν
1313 3792 1346 3857 ἕν
1368 3815 1397 3858 τι
1412 3793 1670 3878 ξομμισγόμενον.
1695 3793 1755 3878 εἰμὶ
1771 3794 1806 3868 δ’,
1831 3793 1873 3854 ὡς

274 3909 377 3987 ἔοικεν,
412 3907 473 3990 ἐγὼ
504 3906 617 3989 γελοῖός
647 3923 691 3971 τις
721 3907 849 3986 ἱκανῶς,
880 3909 945 3972 κατ’
975 3908 1040 3997 εἴδη
1071 3909 1191 3974 διιστὰς
1219 3909 1268 3973 καὶ
1296 3907 1595 3996 σοναριδμούμενος.
1630 3907 1869 3993 1110111000,

274 4021 419 4104 ὦ’γαδέ;
458 4021 521 4086 ΣΩ.
564 4022 713 4110 Τετάρτοο
735 4047 788 4108 μοι
811 4022 918 4104 γένους
941 4023 980 4087 αὖ
1003 4025 1151 4112 προσδεῖν
1174 4024 1323 4111 φαίνεται.
1363 4024 1452 4088 ΠΡέλ.
1488 4025 1562 4107 Λέγε
1585 4023 1675 4089 τίνος.
1714 4023 1775 4087 ΣΩ.
1818 4024 1871 4113 Τῆς

273 4139 447 4225 ξομμίξεως
470 4138 588 4205 τούτων
612 4141 690 4228 πρὸς
713 4139 828 4228 ἄλληλα
851 4139 905 4226 τὴν
928 4139 1030 4204 αἱτὶαν
1053 4140 1123 4228 ὅρα,
1147 4141 1198 4204 καὶ
1214 4140 1294 4206 ridet
1309 4164 1362 4225 μοι
1375 4141 1455 4228 πρὸς
1470 4142 1572 4229 τρισὶν
1587 4139 1707 4204 ἐκεῖνοις
1723 4139 1873 4228 τέταρτον

274 4257 376 4320 τοῦτο.
401 4258 484 4324 Dicit
506 4258 602 4341 igitur
627 4257 771 4324 Socrates
795 4278 829 4324 se
853 4257 959 4323 000010
982 4279 1051 4339 qum
1073 4279 1156 4322 nuuc
1179 4258 1245 4324 siut
1268 4258 1422 4338 bifariam,
1448 4259 1542 4324 immo
1566 4260 1721 4326 trifariam
1738 4259 1875 4325 dividere

276 4373 366 4437 velle.
402 4373 491 4452 Quod
514 4393 570 4439 cur
593 4392 664 4439 eum
688 4373 791 4440 100010
814 4377 982 4456 putemus?
1005 4374 1076 4440 Non
1100 4374 1195 4439 aliam
1217 4377 1257 4440 ob
1281 4393 1417 4453 causam,
1442 4393 1538 4456 quam
1561 4377 1644 4456 quod
1668 4377 1729 4441 duo
1752 4379 1875 4440 tantum

274 4507 378 4554 rerum
402 4508 518 4572 genera
540 4489 647 4569 realia,
671 4491 719 4555 vel
743 4491 769 4556 si
792 4491 891 4556 mavis
914 4491 1088 4556 materialia
1112 4492 1261 4574 agnoscit,
1286 4511 1347 4557 non
1370 4492 1472 4574 plura.
1497 4491 1637 4557 Tertium
1654 4510 1761 4556 rerum
1777 4511 1874 4573 gennis

274 4623 312 4668 ex
334 4604 383 4669 his
406 4605 527 4670 duobus
551 4606 680 4670 mixtum
705 4611 763 4672 est.
811 4605 1046 4672 Attendendum
1069 4612 1119 4672 est
1141 4607 1173 4671 in
1195 4608 1244 4673 his
1265 4608 1401 4690 primum
1424 4609 1506 4689 quod
1530 4607 1625 4671 etiam
1647 4606 1746 4671 100110
1768 4625 1874 4669 rerum

273 4715 425 4802 principia
454 4720 494 4785 ad
518 4722 621 4786 Deum
650 4727 809 4788 auctorem
832 4721 1027 4804 referentum
1060 4723 1172 4819 deinde
1199 4725 1282 4804 quod
1305 4725 1497 4806 propositum
1521 4721 1642 4786 Socrati
1665 4721 1705 4785 sit
1728 4720 1875 4784 hocloco

274 4854 380 4900 rermn
410 4854 526 4918 genera
550 4835 621 4900 ,κατ’
649 4833 713 4923 calip
744 4835 897 4900 διιστάναι
926 4838 975 4899 καὶ
998 4835 1271 4924 συναριθμεῖσθαι,
1300 4840 1320 4904 i.
1344 4857 1372 4902 e.
1395 4838 1499 4902 omnia
1521 4834 1687 4917 complecti
1706 4854 1763 4899 nec
1786 4834 1874 4916 quid-

274 4969 368 5035 quam
392 4951 547 5021 omittere.
571 4951 731 5021 Praeterea
753 4955 923 5024 tenendum
947 4959 1087 5024 estesse
1111 4955 1171 5023 duo
1195 4973 1302 5022 rerum
1324 4953 1477 5040 principia
1499 4951 1606 5032 realia,
1631 4951 1745 5034 quibus
1766 4955 1875 5020 utatur
