4190 6246
1021 511 1219 576 -g.-

321 707 370 772 καὶ
398 707 540 795 ἰσότητα,
569 705 648 790 μετὰ
677 704 713 768 δὲ
734 705 770 766 τὸ
799 701 867 766 ἴσον
890 703 925 766 τὸ
949 702 1107 766 διπλάσιον
1130 703 1180 766 καὶ
1202 706 1263 766 πᾶν
1286 700 1304 765 ὅ
1327 701 1356 766 τί
1379 724 1435 790 περ
1459 703 1498 766 do
1522 703 1599 790 πρὸς
1623 703 1761 790 ἀριθμὸν
1785 699 1932 789 ἀριθμὸς

321 823 339 912 ἦ
361 821 478 912 ρὲτρον
500 823 522 908 p'
547 821 624 909 πρὸς
646 819 771 908 ρέτραν,
795 821 892 882 ταῦτα
914 817 1076 903 ξύμπαντα
1100 819 1141 882 εἰς
1165 817 1201 882 τὸ
1225 817 1321 906 πέρας
1345 817 1592 904 ὡτολαγιζόρενοι
1610 819 1710 883 καλῶς
1725 821 1765 884 du
1781 819 1932 904 δακαῖμεν

321 939 402 1030 δρᾶν
424 943 523 1004 ταῦτα·
548 939 566 1027 ἢ
591 944 655 1004 πῶς
679 939 716 1002 σὺ
739 937 818 1024 cp&
865 934 954 1000 lll’la
981 933 1133 1000 lt'dileord
1156 959 1199 1018 γε,
1223 937 1251 1000 ὦ
1274 935 1447 1024 Σώκρατες.
1488 936 1564 1015 Qum
1589 939 1685 1003 verba
1709 937 1735 1003 si
1758 936 1801 1001 sic
1824 935 1931 1018 accipi

320 1059 473 1124 deberent
502 1061 538 1122 ut
567 1055 760 1138 accipiuntur
791 1073 810 1120 a
840 1053 960 1120 Zellero
991 1059 1024 1118 et
1046 1059 1082 1118 ut
1105 1053 1203 1135 accipi
1226 1072 1316 1136 posse
1340 1054 1493 1132 videntur,
1520 1053 1546 1118 si
1570 1053 1746 1134 argumenti
1771 1057 1803 1116 et
1825 1069 1930 1116 nexus

320 1173 546 1240 sententiarum
571 1173 650 1238 ratio
673 1189 734 1238 non
759 1170 926 1248 habeatur,
952 1175 1055 1234 actum
1079 1175 1163 1234 esset
1186 1170 1225 1234 de
1247 1189 1342 1236 causa
1366 1175 1473 1238 nostra
1496 1175 1529 1234 et
1551 1174 1633 1234 esset
1655 1168 1717 1234 alia
1732 1166 1929 1234 difficultatis

320 1288 521 1371 expedienda
552 1287 632 1353 ratio
661 1286 808 1352 ineunda.
856 1286 1020 1351 Debentne
1048 1292 1154 1350 autem
1177 1285 1221 1350 sic
1244 1285 1351 1367 accipi,
1376 1285 1641 1366 quemadmodum
1664 1286 1858 1368 accipiuntur
1881 1284 1928 1350 ab

320 1406 367 1484 iis,
391 1403 444 1486 qui
467 1403 617 1470 sermonis
641 1400 844 1484 philosophici
866 1406 898 1466 et
921 1402 1142 1468 vocabulorum
1166 1402 1242 1466 artis
1266 1401 1418 1468 rationem
1441 1420 1501 1466 uon
1518 1400 1645 1480 hahent,
1670 1421 1726 1468 uec
1743 1401 1925 1483 respiciunt,

320 1519 403 1601 quod
427 1519 495 1584 haec
518 1519 640 1584 Philebi
663 1537 737 1600 pars
760 1516 1023 1600 Pytlragorocismi
1046 1517 1180 1597 quodam
1204 1517 1306 1583 colore
1321 1516 1472 1582 Platonici
1488 1515 1603 1583 infecta
1618 1523 1678 1594 est,
1704 1517 1730 1583 si
1746 1515 1926 1598 argumenti

321 1641 351 1700 et
386 1635 610 1700 senteutiamm
644 1651 741 1698 nexus
778 1633 858 1698 ratio
889 1632 1045 1699 habeatur
1077 1633 1235 1714 verbaque
1267 1633 1345 1698 adeo
1375 1634 1443 1716 ipsa
1477 1633 1508 1700 id
1543 1635 1593 1700 vix
1627 1635 1818 1701 admittant?
1856 1633 1926 1700 Clr.

320 1752 442 1817 Phileb.
466 1771 497 1833 p.
525 1755 574 1829 16,
600 1751 635 1816 C.
661 1751 712 1828 64,
739 1750 778 1814 Ι).
802 1767 870 1829 sqq.
900 1752 932 1814 et
962 1748 1097 1831 priorem
1127 1749 1417 1815 commentationem
1447 1756 1588 1816 nostram
1617 1771 1649 1834 p.
1681 1757 1730 1830 15,
1758 1767 1835 1831 sqq,
1861 1767 1926 1832 quo

321 1867 387 1932 loco
411 1865 691 1932 demonstravimus
714 1865 818 1940 onmia
849 1883 888 1930 ea
914 1864 1065 1930 vocabula
1092 1882 1163 1945 qua
1187 1864 1218 1930 h.
1242 1864 1263 1929 l.
1291 1871 1457 1931 occurrant
1480 1866 1575 1932 etiam
1598 1867 1637 1932 de
1659 1867 1753 1944 ideis,
1785 1883 1839 1930 seu
1867 1885 1925 1930 nu·

322 1983 416 2048 meris
451 1980 624 2068 εἰδητικοῖς,
656 1988 688 2047 et
718 1981 888 2063 saepissime
921 1980 1047 2061 quidem
1076 1985 1228 2062 usurpata
1258 1998 1336 2050 esse.
1373 1979 1437 2046 Gir.
1462 1985 1494 2046 et
1516 1981 1625 2046 Phad.
1656 2001 1687 2063 p.
1714 1983 1785 2059 105,
1811 1979 1850 2046 Α.
1876 1997 1925 2061 sq.

322 2099 451 2164 aristot.
470 2097 546 2162 Met.
571 2098 595 2174 Ι,
622 2099 651 2174 6,
677 2100 751 2174 987,
777 2097 807 2174 b,
825 2101 867 2162 20
880 2115 927 2177 sq.
945 2100 996 2174 27,
1015 2113 1082 2177 sqq.
1107 2095 1264 2178 Theophr.
1289 2097 1365 2162 Met.
1390 2100 1499 2175 alal.
1524 2094 1655 2160 Πλάτων
1678 2096 1736 2180 μὲν
1758 2094 1812 2158 οὖν
1828 2095 1922 2180 ἐντῷ

322 2211 445 2292 ἀνάγειν
474 2195 526 2296 (τὰ
549 2209 638 2292 ὄντα)
663 2211 705 2273 εἰς
726 2210 781 2272 τὰς
798 2211 901 2297 ἀρχὰς
918 2209 1035 2284 δόξειεν
1051 2211 1090 2272 dv
1106 2207 1262 2272 ἅπτεσθαι
1284 2214 1347 2272 τῶν
1374 2209 1485 2288 ἄλλων,
1516 2212 1557 2274 εἰς
1581 2213 1636 2274 τὰς
1660 2209 1741 2280 ἰδέας
1764 2209 1920 2284 ἀνάπτων,

322 2326 435 2390 ταύτας
464 2325 537 2389 d'a's
559 2327 630 2390 τοὺς
654 2323 818 2413 ἀριθμούς.
867 2325 931 2392 Gir.
956 2331 988 2392 et
1011 2325 1048 2392 d.
1074 2327 1342 2410 Treudclenburg.
1374 2328 1413 2393 dc
1435 2328 1557 2394 Philebi
1580 2327 1661 2393 Plat.
1686 2327 1812 2393 consilio
1835 2346 1866 2408 p.
1891 2329 1917 2393 7.

322 2463 394 2510 anu.
419 2447 439 2510 9
470 2449 502 2508 et
531 2461 601 2524 quac
625 2443 664 2508 de
687 2443 797 2509 eadem
820 2461 855 2508 re
878 2442 908 2508 iu
933 2441 1024 2507 huius
1048 2443 1315 2509 commentationis
1337 2449 1429 2526 parte
1453 2444 1554 2510 altera
1577 2443 1728 2508 dicentur.
1775 2443 1865 2522 Quod
1893 2442 1917 2506 si

322 2561 365 2626 sic
396 2559 604 2642 accipiantur,
636 2559 722 2624 rides
752 2575 923 2642 congmere
950 2557 1032 2624 hunc
1054 2557 1155 2623 locruu
1179 2577 1250 2623 cum
1273 2559 1429 2640 prioribus
1451 2565 1484 2625 et
1506 2579 1576 2624 cum
1599 2559 1682 2624 omni
1705 2558 1914 2640 disputationis

323 2681 508 2760 argumento
531 2681 563 2740 et
586 2675 708 2756 reliqua
732 2672 934 2756 philosophia
958 2672 1127 2740 Platonicae
1150 2674 1301 2754 doctriua,
1326 2679 1358 2740 et
1381 2672 1486 2761 πέρας,
1511 2675 1594 2756 quod
1617 2675 1791 2757 oppositum
1814 2675 1850 2740 sit
1869 2660 1911 2756 op}

324 2787 455 2876 ἀπείρῳ,
480 2791 575 2856 etiam
599 2790 630 2856 h.
654 2790 675 2855 l.
699 2789 802 2856 ideam
826 2789 1012 2874 siguificare.
1037 2791 1085 2854 De
1108 2789 1331 2874 significatione
1353 2791 1495 2857 vocabuli
1517 2788 1643 2877 ρέτρον,
1667 2791 1750 2872 quod
1766 2790 1915 2875 Pythago-

323 2905 438 2970 roeismi
461 2905 543 2970 illius
567 2905 785 2988 gravissimum
808 2905 954 2971 indicium
977 2911 1035 2984 est,
1061 2907 1160 2972 serius
1175 2907 1354 2989 singillatim
1371 2907 1506 2986 dicetur;
1532 2905 1671 2993 ἰσότητος
1694 2925 1767 2972 vcro
1789 2908 1921 2972 vocabu·

322 3022 388 3086 lurn
411 3021 450 3086 de
473 3021 666 3101 reliquorum
689 3019 914 3106 significatione
936 3021 1059 3086 videtur
1083 3021 1308 3088 dubitationem
1332 3023 1467 3088 eximere
1489 3022 1613 3100 debere,
1638 3023 1753 3104 quippe
1776 3023 1922 3088 sollemne

322 3139 362 3203 de
384 3138 472 3204 ideis.
498 3137 563 3204 Gir.
587 3143 620 3203 et
642 3138 753 3204 Zeller.
777 3137 798 3203 l.
822 3138 843 3204 l.
867 3137 909 3215 ΙΙ,
937 3141 967 3203 1.
990 3157 1020 3220 p.
1045 3142 1119 3216 254,
1149 3144 1176 3202 l.
1199 3144 1263 3203 not.
1290 3141 1320 3203 1.
1344 3139 1393 3204 ed.
1418 3145 1448 3204 3.

413 3254 462 3318 Ex
500 3253 609 3318 eadem
643 3253 786 3349 idearum
813 3271 884 3319 cum
906 3253 1043 3318 numeris
1066 3253 1345 3338 Pythagoreorum
1358 3253 1380 3334 ¹)
1413 3253 1638 3320 consociatione
1660 3273 1707 3332 ea,
1732 3272 1794 3335 qua
1809 3252 1919 3316 horum

324 3371 355 3434 iu
378 3371 479 3436 locum
502 3369 564 3434 illa
587 3370 830 3446 substituuntur,
855 3368 1091 3450 explicationem
1113 3369 1225 3447 habet,
1257 3369 1340 3450 quod
1369 3369 1400 3434 in
1429 3369 1465 3434 iis
1489 3387 1558 3451 quae
1582 3375 1754 3450 sequuntur
1777 3367 1919 3432 Socrates

324 3504 362 3550 ox
384 3485 464 3551 finiti
487 3491 519 3550 et
541 3484 652 3550 infiniti
676 3485 889 3550 coniunctione
912 3485 1087 3564 sanitatem,
1111 3486 1276 3564 musicam,
1309 3485 1376 3550 caeli
1399 3485 1543 3566 aerisque
1565 3486 1763 3567 temperiem,
1787 3487 1917 3563 tempes-

324 3607 405 3667 tates
429 3602 511 3680 anni,
540 3600 813 3682 pulchritudinem,
845 3601 941 3666 robur
963 3601 1110 3682 emporia,
1144 3601 1238 3666 animi
1260 3602 1392 3667 virtutes
1416 3601 1539 3682 repetit.
1586 3601 1632 3667 Ac
1654 3601 1802 3666 virtutum
1825 3595 1917 3662 animi

324 3735 433 3782 verum
459 3716 577 3783 iontem
599 3736 668 3784 esse
690 3717 776 3782 ideas
800 3717 911 3782 docent
933 3714 1005 3779 Πολ.
1030 3718 1085 3796 IV,
1111 3721 1185 3796 435,
1211 3718 1250 3782 Ι).
1274 3717 1329 3796 VI,
1355 3721 1429 3797 504,
1453 3717 1491 3782 B.
1517 3721 1590 3796 505,
1614 3718 1652 3783 B.
1669 3718 1721 3783 all.
1745 3713 1810 3782 Gir.
1826 3716 1918 3781 etiarn

324 3832 406 3898 inira
428 3852 459 3914 p.
486 3839 537 3913 64,
561 3834 610 3912 Ε,
636 3851 696 3915 quo
711 3833 777 3898 loco
794 3851 902 3898 aarum
918 3833 1068 3897 virtutum
1092 3851 1161 3913 quae
1192 3834 1362 3900 coniunctae
1386 3835 1489 3900 ideam
1511 3835 1584 3900 honi
1607 3833 1742 3899 efficiant
1764 3832 1918 3915 praecipua

324 3949 502 4014 nominatur
524 3949 560 4010 τὸ
582 3948 698 4034 μέτρον
721 3967 767 4013 66
782 3968 842 4029 quo
865 3952 897 4013 66
919 3947 1118 4030 pulchritudo
1140 3953 1172 4013 66
1193 3948 1293 4015 virtus
1308 3949 1459 4032 originem
1482 3949 1629 4015 habeant.
1946 4023 1948 4026 ¹

413 4064 483 4130 Non
512 4064 748 4146 praetereundus
778 4068 826 4128 est
855 4063 951 4128 etiam
983 4063 1010 4128 is
1033 4063 1118 4129 locus
1141 4065 1173 4128 in
1196 4083 1257 4145 quo
1281 4063 1397 4144 γένεσις
1421 4064 1462 4125 εἰς
1485 4061 1602 4139 οὐσίαν,
1629 4062 1699 4146 (cfr.
1723 4084 1754 4146 p.
1779 4068 1830 4142 26,
1855 4061 1916 4143 ΙΙ),

325 4180 408 4260 quod
431 4180 505 4244 ahbi
529 4180 612 4261 apud
635 4179 797 4244 Platonem
821 4178 963 4244 idearum
986 4198 1099 4244 munus
1115 4185 1171 4258 est,
1196 4178 1250 4243 fini
1273 4180 1423 4244 tribuitur
1446 4185 1478 4243 et
1500 4179 1652 4243 mensuris
1675 4178 1748 4244 inde
1771 4179 1917 4262 repetitis.

415 4296 494 4361 Cum
517 4295 565 4360 his
588 4296 768 4361 coniunctus
792 4301 840 4360 est
862 4296 888 4360 is
910 4295 996 4360 loeus
1019 4314 1038 4359 a
1062 4314 1122 4377 quo
1145 4296 1244 4360 omnis
1260 4295 1328 4359 haec
1344 4295 1513 4376 disputatio
1529 4293 1742 4376 proficiscitur,
1767 4315 1798 4378 p.
1816 4299 1870 4362 26.
1883 4295 1917 4358 Ε.

326 4408 387 4472 ΣΩ.
416 4408 504 4472 Ἀλλὰ
528 4408 565 4494 δὴ
588 4411 666 4496 πρὸς
689 4409 771 4497 τρισὶ
794 4408 945 4495 τέταρτόν
967 4432 996 4471 τι
1018 4409 1088 4472 τότε
1111 4410 1227 4494 ἔφαμεν
1250 4409 1327 4471 εἶναι
1349 4407 1436 4490 γένος
1452 4407 1607 4474 σκεπτέον·
1624 4410 1708 4496 κοινὴ
1725 4409 1752 4473 d'
1770 4409 1788 4498 ἦ
1806 4407 1916 4488 σκέψις.

326 4523 385 4611 ὅρα
421 4523 482 4611 γὰρ
516 4522 547 4586 εἴ
576 4549 625 4589 σοι
659 4526 744 4589 δοκεῖ
775 4529 941 4606 ἀναγκαῖον
975 4525 1051 4587 εἶναι
1080 4524 1182 4586 πάντα
1212 4524 1251 4586 τὰ
1278 4524 1441 4609 γιγνόμενα
1465 4523 1516 4587 ded
1538 4547 1607 4588 τινα
1630 4525 1729 4588 αἰτίαν
1752 4522 1916 4606 γίγνεσθαι.

327 4639 415 4704 ΠΡΩ.
443 4641 574 4724 Ἔμοιγε·
608 4647 673 4705 πῶς
703 4642 763 4728 γὰρ
795 4643 834 4704 ἂν
861 4641 959 4729 χωρὶς
981 4638 1090 4703 τούτου
1114 4639 1263 4720 ripaursa,
1311 4638 1372 4704 all.
1400 4639 1512 4703 Οὐκοῦν
1534 4641 1552 4730 ᾗ
1576 4643 1628 4702 τοῦ
1653 4642 1809 4704 ποιοῦντας
1833 4636 1917 4723 φύσις

326 4755 416 4819 οὐδὲν
438 4755 515 4842 πλὴν
537 4757 665 4841 ὀνόματι
687 4761 741 4845 τῆς
765 4756 861 4820 αἰτίας
884 4755 1033 4843 διαφέρει,
1058 4756 1094 4818 τὸ
1118 4755 1153 4820 δὲ
1175 4759 1280 4820 ποιοῦν
1303 4756 1353 4818 καὶ
1375 4757 1412 4818 τὸ
1434 4755 1531 4819 αἴτιον
1553 4755 1663 4843 ὀρθῶς
1686 4759 1725 4818 ἄν
1741 4753 1785 4842 εἴη
1802 4754 1917 4838 λεγόμε-

326 4919 537 4931 -,.-.-.——..

416 4989 437 5059 ¹)
458 4990 510 5044 (lfr.
531 4989 624 5044 Stallb.
645 4988 679 5043 ad
697 4989 723 5042 h.
744 4991 761 5043 l.
781 4996 807 5044 et
825 4989 922 5044 Zeller.
941 4991 959 5044 l.
978 4990 996 5043 l.
1016 4989 1037 5042 Ι.
1051 5007 1079 5057 p.
1097 4991 1149 5044 246
1167 5005 1225 5058 sqq.
