4190 6246
983 507 1204 570 ..16-

294 701 358 765 und
386 699 498 776 hinab‚
535 700 646 764 dassen
668 699 757 764 Geist
784 697 978 764 auisohwebt
1000 700 1080 764 aher
1102 699 1174 764 dem
1198 699 1302 766 Chaos
1324 700 1381 766 der
1404 699 1503 778 walt,
1535 701 1599 766 und
1621 702 1705 766 sinnt
1726 700 1807 766 naeh
1830 698 1892 764 den

294 815 446 882 Rathseln
470 817 548 881 hher
571 815 636 880 und
659 815 690 880 in
713 815 789 879 ihm.
824 815 933 896 Lange
955 813 1079 880 Nachte
1102 813 1257 880 hinduroh
1280 833 1397 880 sannen
1421 815 1570 882 Einzelne
1591 817 1656 882 und
1679 816 1807 882 Volker.
1838 815 1895 880 Als

294 933 372 997 aher
405 932 474 996 ihre
498 931 600 998 Sonne
634 929 763 1013 ausging
797 930 861 994 und
884 930 929 996 sie
956 930 1067 995 horten
1091 929 1350 1014 Morgengelauae
1372 949 1443 996 vom
1466 932 1601 997 Hiinmel
1625 932 1698 1010 her,
1733 931 1825 998 helen
1848 931 1894 996 sie

294 1047 401 1112 niedor
423 1046 488 1112 und
511 1047 636 1112 beteten
660 1065 700 1110 an
723 1046 783 1110 den
807 1063 935 1130 grossen
959 1045 1133 1128 Woltgeist,
1158 1046 1224 1111 sioh
1247 1047 1424 1126 erinnemd,
1449 1046 1522 1114 dass
1546 1048 1590 1114 sie
1610 1047 1707 1113 selbst
1730 1047 1793 1112 auh
1809 1051 1891 1130 gott-

294 1161 394 1228 liohen
419 1160 640 1226 Geschleehtes
663 1162 757 1226 seien.
782 1160 844 1227 Sed
867 1161 944 1226 talia
965 1180 1027 1226 non
1052 1167 1164 1226 aurant
1187 1180 1301 1244 inagna
1325 1163 1459 1244 ingenia.
1484 1147 1631 1229 Ceterum
1654 1161 1711 1229 eir.
1736 1163 1831 1229 etiam
1855 1181 1893 1228 ex

296 1277 425 1344 Philebo
448 1298 478 1359 p.
504 1283 555 1354 26,
582 1277 618 1342 Ε.
644 1296 675 1359 p.
700 1283 751 1354 28,
778 1278 816 1341 E.
839 1296 870 1358 p.
895 1281 947 1354 30,
972 1277 1011 1342 Α.
1035 1295 1103 1358 sqq.
1127 1276 1193 1343 Pol.
1219 1278 1257 1354 X,
1283 1283 1357 1356 596,
1382 1277 1419 1342 Β.
1444 1287 1519 1360 sqq:

385 1420 446 1485 Sed
470 1421 531 1486 iam
555 1421 595 1486 ad
620 1421 692 1498 Vos,
717 1420 830 1500 quibus
852 1420 920 1484 haeo
942 1420 1046 1484 dicata
1069 1425 1150 1497 sunt,
1175 1439 1231 1486 nos
1255 1421 1368 1486 iterum
1392 1428 1618 1498 eonvertamus‚
1643 1422 1711 1488 Viri
1724 1422 1893 1487 doctissimi

295 1542 326 1600 et
360 1537 585 1602 humanissimi.
632 1535 787 1601 Memores
822 1537 938 1618 scripta
971 1536 1039 1601 haee
1071 1554 1138 1602 esse
1168 1554 1208 1601 ne
1236 1537 1358 1620 longius
1386 1542 1494 1618 serpat
1516 1555 1604 1602 error
1626 1537 1794 1603 damnosus
1816 1555 1895 1602 neve

296 1653 406 1732 ghsoat
427 1653 536 1716 vitium
560 1651 632 1717 huie
655 1653 741 1716 aetati
764 1669 935 1729 oommime
960 1651 1023 1716 iam
1046 1650 1134 1716 laetos
1158 1652 1242 1734 agite
1264 1652 1331 1717 dies
1353 1651 1449 1718 festos
1472 1655 1504 1716 et
1526 1651 1638 1718 faustis
1661 1652 1814 1718 ominibus
1837 1653 1895 1716 ini-

295 1769 409 1834 itantes
439 1773 587 1850 quartum
620 1768 767 1834 saeaissum
790 1766 1010 1834 Universitatis
1034 1768 1158 1832 Vestra
1181 1772 1336 1849 perpetua
1359 1765 1507 1832 fruamini
1529 1765 1692 1848 felicitate3
1728 1765 1891 1832 imitamini

296 1883 447 1948 maiouim
472 1883 656 1948 Vestronum
691 1882 850 1964 exempla;
885 1882 1018 1948 insistite
1048 1882 1203 1961 Platonis,
1235 1882 1411 1948 Aristotelis
1439 1882 1578 1965 vestigiis
1607 1888 1640 1947 et
1662 1882 1795 1948 amicam
1819 1887 1893 1948 ante

246 2047 250 2054 -
295 2000 398 2066 omnia
424 1999 591 2064 veritatem
621 1999 773 2064 habentes
802 1997 915 2064 scholis
944 1996 1097 2063 habendis
1127 2002 1158 2062 et
1189 1998 1316 2064 edendis
1343 1998 1465 2080 scriptis
1487 1999 1587 2064 bonas
1609 2001 1694 2063 artes
1716 2003 1749 2062 et
1770 1998 1894 2064 litteras

296 2120 331 2180 nt
354 2113 457 2180 adhue
479 2111 594 2179 fecistis
618 2117 742 2196 augete.
