4190 6246
982 513 1182 572 -9-

283 734 335 772 νον
364 707 415 786 ἕν;
450 705 538 770 lll’u
562 705 694 794 Ὀρθῶς.
730 703 793 769 ΣΩ.
819 701 877 765 Καὶ
899 701 960 787 μὴν
982 702 1018 764 τά
1042 723 1075 782 γε
1098 698 1278 785 ποιούμενον
1300 698 1339 763 αὖ
1361 700 1411 762 καὶ
1433 700 1470 763 τὸ
1492 700 1668 785 γιγνόμενον
1691 699 1781 764 οὐδὲν
1804 699 1880 786 πλὴν

283 825 418 909 ὀνόματι,
441 821 586 909 καθάπερ
619 821 655 882 τὸ
678 824 731 884 νῦν
755 821 803 908 δή,
828 817 982 906 διαφέρον
1006 814 1184 904 εὑρήσομεν·
1209 815 1229 903 ἢ
1250 819 1345 894 πῶς.;
1393 814 1481 879 Ilm.
1508 813 1620 880 Οὕτως.
1656 815 1718 879 ΣΩ.
1741 817 1800 903 Ἆρ’
1825 815 1878 880 οὖν

283 941 397 1030 ἡγεῖται
426 939 483 1024 μὲν
513 938 550 1001 τὸ
582 939 686 999 ποιοῦν
719 936 766 998 ἀεὶ
797 934 875 998 κατὰ
904 933 1016 1020 φύσιν,
1047 932 1084 995 τὸ
1113 932 1149 995 δὲ
1176 925 1354 1016 ποιούμενον
1377 929 1541 998 ακολουθεῖ
1560 932 1735 1016 γιγνόμενον
1756 930 1879 1017 ἐκείνῳ;

282 1054 372 1120 lan.
407 1054 492 1118 Πάνυ
522 1075 565 1134 γε.
606 1051 669 1115 ΣΩ.
702 1051 785 1114 Ἄλλο
812 1052 877 1137 ἆρα
897 1050 948 1112 καὶ
971 1048 1006 1112 οὐ
1029 1047 1141 1111 ταύτὸν
1164 1046 1246 1111 αἰτία
1269 1048 1297 1108 τ’
1321 1046 1385 1110 ἐστὶ
1406 1047 1456 1109 καὶ
1477 1047 1513 1109 τὸ
1535 1046 1676 1110 δουλεῦον
1699 1047 1740 1110 εἰς
1764 1045 1881 1127 γένεσιν

282 1171 375 1258 αι’τὶᾳ.
424 1167 511 1231 ΠΡΩ.
550 1167 678 1255 Ίῖμην;
713 1165 776 1230 Σθ.
809 1165 921 1229 Οὐκοῦν
949 1165 1068 1249 τὰμὲν
1091 1163 1252 1247 γιγνόμενα
1274 1163 1324 1225 καὶ
1346 1163 1380 1236 ἐξ
1403 1162 1447 1224 ὦν
1470 1162 1601 1243 γίγνεται
1624 1165 1722 1225 πάντα
1746 1162 1785 1224 τὰ
1806 1163 1877 1248 τρία

284 1284 459 1372 παρέσχετο
482 1283 552 1371 ἡμῖν
575 1282 663 1370 γένη;
688 1279 777 1344 dur.
804 1279 860 1343 Καὶ
882 1279 976 1364 μάλα.
1024 1279 1085 1343 ΣΩ.
1117 1279 1154 1341 Τὸ
1176 1279 1213 1342 δὲ
1235 1278 1274 1363 δὴ
1289 1279 1389 1342 πάντα
1410 1278 1507 1342 ταῦτα
1530 1279 1733 1368 θημιοοργοῡν
1753 1279 1879 1365 λέγομεν

284 1399 441 1487 τέταρτον,
476 1399 530 1483 τὴν
557 1399 664 1473 αἰτίαν,
700 1397 743 1460 ὡς
778 1396 888 1459 ἱκανῶς
922 1393 1028 1483 ἕτερον
1055 1395 1176 1458 ἐκείνων
1200 1392 1427 1482 θεθηλωμένον;
1475 1391 1564 1486 Ilm,
1582 1395 1707 1481 Ἕτερον
1730 1396 1790 1483 γὰρ
1814 1395 1877 1461 οὖν.

282 1513 343 1577 ΣΩ.
368 1514 486 1601 ’θρθιῦς
508 1513 570 1598 μὴν
594 1513 666 1599 ἔχει,
690 1511 904 1598 διωρισμένων
927 1517 991 1575 τῶν
1013 1511 1181 1598 τεττάρων,
1205 1508 1272 1573 ἑνὸς
1295 1507 1423 1573 ἑκάστου
1438 1511 1558 1599 μνημης
1574 1508 1660 1574 ἕνεκα
1675 1512 1784 1599 ἐφεξῆς
1800 1509 1880 1576 αὐτὰ

280 1627 589 1718 καταριθμήσασθαι.
619 1627 708 1708 ΠΡΩ.
740 1628 869 1716 Tigrim
893 1627 955 1691 ΣΩ.
982 1626 1112 1714 Πρῶτον
1127 1627 1185 1712 μὲν
1199 1627 1441 1712 τοίνυνᾶπειρον
1455 1624 1543 1706 λέγω,
1561 1626 1703 1712 δεύτερον
1718 1628 1754 1690 δὲ
1769 1626 1877 1714 πέρας,

280 1746 370 1809 ἔπειτ’
395 1747 426 1808 ἐκ
458 1743 577 1807 τούτων
599 1743 703 1831 τρίτον
726 1743 833 1828 μικτὴν
855 1744 904 1806 καὶ
927 1741 1126 1830 γεγενημένην
1149 1741 1264 1805 οὐσέαν·
1298 1741 1353 1826 τὴν
1376 1741 1413 1804 δὲ
1426 1745 1480 1829 τῆς
1502 1741 1615 1825 μίξεως
1638 1741 1736 1805 αἰτίαν
1757 1743 1807 1804 καὶ
1829 1765 1879 1823 γε-

283 1847 396 1924 νέσεως
419 1861 568 1946 τετάρτην
592 1858 689 1939 λέγων
712 1855 775 1946 ἆρα
799 1857 1001 1947 πλημμελοίην
1024 1860 1062 1920 aa
1084 1877 1131 1936 τι;
1167 1854 1256 1920 llPll.
1288 1855 1343 1920 Καὶ
1366 1862 1450 1936 πῶςς
1485 1859 1523 1923 In
1545 1877 1583 1924 eo
1605 1858 1702 1941 igitur
1724 1859 1763 1925 de
1785 1879 1881 1925 causa

210 2021 212 2023 -
284 1973 444 2055 efficiente,
454 1973 560 2062 (αἰτίη,
570 1973 1156 2058 sempersie),eorumquaefiantsermo
1168 1979 1226 2038 est.
1236 1973 1726 2040 Eadeseribitursieutuaturam
1725 1967 1888 2056 γοάασκον

285 2111 409 2158 aeausa
421 2093 484 2158 solo
499 2093 623 2158 nomine
638 2091 764 2157 differre
776 2093 900 2157 dicatur
911 2096 943 2156 et
950 2095 1123 2172 'utrumque
1134 2108 1192 2172 pro
1203 2108 1265 2156 uno
1277 2094 1371 2171 atque
1383 2089 1493 2186 eodem
1503 2094 1589 2155 reete
1599 2089 1765 2185 habeatur.
1789 2092 1878 2157 Idem

282 2209 387 2273 valere
410 2208 449 2273 de
471 2213 586 2272 natura
608 2207 708 2272 effecti
732 2213 765 2272 et
787 2208 854 2272 eius
877 2208 961 2288 quod
983 2206 1049 2272 fiat.
1087 2207 1186 2272 Porro
1208 2206 1241 2270 id
1263 2205 1347 2287 quod
1368 2203 1464 2270 faeiat
1486 2206 1664 2287 praeoedere
1687 2208 1801 2288 ubique
1824 2227 1880 2273 na·

281 2331 355 2390 tura
379 2343 444 2402 sua,
470 2325 557 2404 sequi
579 2324 611 2388 id
634 2324 718 2405 quod
741 2322 894 2389 efficiatur
917 2328 951 2388 et
972 2322 1042 2388 fiat.
1088 2321 1230 2406 Differre
1253 2326 1356 2386 oolam
1378 2339 1433 2384 neo
1456 2319 1537 2384 ι’άωιι
1560 2326 1624 2385 es'se
1646 2341 1772 2386 οοιιεοω
1794 2328 1823 2386 et
1846 2322 1881 2387 id

283 2439 365 2520 quod
387 2438 502 2506 suniat
524 2459 629 2504 conse
650 2444 681 2503 et
704 2459 763 2519 quo
786 2443 899 2504 utetur
922 2438 965 2504 αά
984 2437 1223 2522 generetiooeoa.
1249 2437 1298 2502 Ea
1320 2436 1454 2518 denique
1476 2455 1547 2518 quae
1569 2436 1647 2502 fiant
1669 2443 1702 2502 et
1716 2438 1879 2518 exquibus

281 2554 359 2620 fiant
380 2555 484 2621 omnia
506 2557 570 2621 tn'a
592 2572 663 2637 quae
687 2556 770 2621 dieta
793 2556 855 2620 sint
878 2573 995 2638 genera
1016 2553 1186 2635 paravisse.
1218 2552 1373 2631 Quartum
1396 2571 1465 2618 esse
1487 2553 1575 2618 euius
1598 2553 1684 2634 operi
1706 2551 1760 2618 illa
1775 2555 1879 2618 omnia

282 2672 460 2748 inserviant,
485 2689 622 2749 eausam,
647 2669 691 2732 ὡς
715 2669 824 2732 ἱκανῶς
848 2666 955 2754 ἕτερον
981 2668 1100 2730 ἐκείνων
1123 2666 1343 2755 <templumtam
1390 2669 1480 2747 Quod
1502 2675 1695 2750 quantopere
1717 2675 1878 2751 urgeatur,

283 2785 364 2849 vide.
410 2786 567 2868 Principia
595 2787 692 2869 igitur
721 2803 829 2852 eorum
859 2805 929 2868 quae
953 2791 1027 2852 sunt
1050 2785 1149 2850 realia
1171 2785 1284 2864 omnia,
1318 2804 1374 2850 seu
1395 2785 1550 2849 elementa
1572 2803 1680 2850 eorum
1703 2802 1774 2865 quae
1797 2791 1879 2865 sunt,

284 2905 437 2980 praestant
457 2901 520 2966 tria
543 2919 668 2984 genera,
693 2901 772 2980 finis,
795 2901 959 2981 infinitum,
984 2902 1116 2966 mixtum
1137 2901 1239 2966 erbis
1256 2919 1363 2984 genus,
1388 2900 1522 2965 mundus
1544 2899 1682 2978 risibilis,
1713 2917 1771 2964 nee
1792 2900 1881 2981 quid-

285 3008 379 3096 quam
401 3015 461 3082 hae
484 3022 636 3098 exparte
659 3017 864 3082 desideratur.
892 3015 944 3082 Sia
965 2997 1158 3099 intellegitur
1181 3015 1276 3082 finem
1298 3017 1330 3082 h.
1353 3016 1375 3082 l.
1399 3035 1470 3082 eam
1492 3017 1555 3081 vim
1577 3016 1704 3094 habere,
1729 3034 1800 3097 quae
1815 3034 1881 3080 om-

283 3129 375 3195 nibus
403 3131 472 3196 aliis
493 3131 569 3196 loeis
591 3130 669 3196 ideis
691 3132 858 3211 tribuatur,
882 3151 940 3197 nee
963 3131 1090 3196 differre
1112 3150 1184 3197 eum
1208 3134 1249 3199 ab
1272 3150 1311 3198 ea
1333 3151 1427 3200 oauas
1451 3151 1546 3214 quam
1569 3130 1658 3206 εἶδος,
1688 3131 1821 3218 μορηην,
1845 3131 1882 3192 τὸ

281 3244 311 3306 τί
339 3245 377 3332 ἦν
405 3246 482 3309 εἶναι
511 3243 697 3312 Aristoteles
727 3247 820 3314 dieat.
867 3249 924 3313 His
956 3248 981 3313 si
1005 3248 1143 3313 addatur
1165 3254 1314 3330 quartum
1337 3267 1445 3332 genus,
1477 3247 1633 3312 diversum
1648 3246 1686 3310 ab
1700 3246 1760 3326 lais,
1784 3266 1882 3310 οοοοο

281 3359 423 3442 aspiciens,
446 3361 550 3426 solum
574 3361 607 3425 io
631 3383 721 3442 opere
734 3362 886 3444 faciendo
912 3383 953 3427 eor
976 3364 1106 3446 parutis
1128 3363 1281 3429 subsidiis
1303 3371 1469 3446 occupata,
1499 3382 1570 3430 eam
1592 3364 1695 3429 ideam
1718 3364 1790 3428 boni
1812 3380 1881 3428 esse

242 3539 245 3546 ,
281 3495 342 3541 nou
370 3495 461 3559 posse
491 3477 635 3544 efficitur.
681 3479 751 3543 Non
781 3479 883 3544 miuus
912 3498 1009 3562 grave
1040 3485 1260 3562 argumentum
1287 3499 1346 3562 pro
1368 3498 1463 3546 eausa
1485 3485 1593 3546 nostra
1616 3485 1664 3544 est
1686 3479 1760 3556 boe,
1798 3479 1880 3560 quod

283 3592 404 3658 Platoni
425 3611 488 3657 non
511 3594 613 3660 minus
635 3613 729 3676 quam
754 3593 914 3660 Aristoteli
935 3595 1059 3660 difficile
1073 3594 1230 3677 explicatu
1245 3614 1313 3661 esse
1327 3596 1428 3661 visum
1443 3600 1499 3674 est,
1524 3595 1677 3677 quomodo
1693 3594 1761 3659 fieri
1775 3600 1881 3676 posset

283 3710 320 3771 ut
341 3707 419 3774 ideae
442 3727 512 3772 oum
533 3709 629 3774 rebus
651 3710 784 3775 terrenis
807 3710 989 3776 societatem
1011 3712 1137 3777 inirent.
1150 3710 1174 3793 ¹)
1205 3711 1263 3776 Cui
1286 3707 1460 3777 difficultati
1482 3711 1627 3776 tolleudae
1650 3710 1779 3775 inservit
1794 3708 1879 3772 Αἰτὶιι

282 3822 315 3887 b.
339 3822 369 3901 l.,
395 3824 481 3889 Deus
502 3825 543 3889 in·
558 3825 686 3890 Timaeo.
733 3822 798 3890 Cir.
822 3823 977 3891 Zellerum
1009 3827 1156 3908 ipsum'l.
1180 3827 1201 3892 l.
1225 3845 1254 3908 p,
1280 3829 1355 3893 596.
1401 3826 1564 3908 Nusquam
1595 3829 1701 3890 autern
1723 3844 1763 3891 ne
1785 3823 1880 3889 fando

281 3938 408 4019 quidem
430 3940 573 4005 auditum
595 3944 652 4018 est,
677 3939 709 4004 in
732 3958 768 4005 eo
791 3940 954 4007 Platonem
976 3942 1190 4008 difficultatem
1213 3942 1351 4023 aliquam
1366 3943 1528 4024 reperisse,
1553 3941 1814 4023 quemadmodum
1829 3959 1881 4006 res

281 4055 511 4122 mathematicae
533 4075 605 4122 eum
628 4057 723 4121 rebus
746 4057 879 4122 terrenis
901 4059 1049 4141 coniungi
1073 4057 1242 4141 possent.²)
1292 4057 1343 4123 Ad
1365 4076 1419 4123 eas
1441 4058 1539 4140 igitur
1560 4076 1630 4122 eum
1654 4057 1787 4122 materia
1809 4075 1880 4123 eon-

281 4171 454 4253 iuugeudas
485 4171 534 4236 bis
568 4171 777 4237 moliminibus
805 4191 883 4253 opus
909 4191 971 4238 uon
993 4179 1073 4239 erat.
1120 4174 1191 4239 Non
1213 4192 1340 4240 neeesse
1363 4179 1412 4240 est
1433 4173 1530 4256 igitur
1552 4177 1588 4236 ut
1610 4181 1779 4255 urgeamus
1801 4172 1833 4236 h.
1857 4172 1878 4236 l.

284 4287 365 4364 quod
391 4305 521 4368 perraro
544 4286 628 4368 apud
651 4286 813 4353 Platonem
835 4287 915 4353 ideae
939 4295 1069 4372 agentes
1093 4290 1156 4356 sint
1180 4289 1250 4375 (afr.
1274 4291 1386 4356 Zeller.
1410 4289 1432 4354 l.
1456 4288 1476 4354 l.
1500 4307 1531 4370 p.
1556 4287 1645 4369 582),
1669 4305 1727 4353 nee
1748 4287 1780 4352 id
1795 4287 1879 4368 quod

283 4400 465 4483 plerumque
487 4401 577 4467 Plato
598 4421 661 4466 non
684 4402 723 4468 de
745 4422 809 4468 una
831 4403 911 4484 idea,
936 4406 1020 4486 quod
1043 4405 1183 4472 Zellerus
1206 4406 1238 4471 h.
1261 4407 1283 4472 l.
1307 4404 1426 4471 factum
1449 4423 1516 4470 esse
1537 4409 1639 4486 putat,
1664 4404 1719 4470 sed
1741 4405 1781 4468 de
1801 4403 1879 4468 ideis

281 4515 427 4597 loquitur,
451 4535 523 4582 eum
545 4517 585 4582 de
608 4536 714 4582 rerum
737 4519 872 4584 essentia
894 4521 992 4585 verba
1015 4519 1100 4586 facit.

322 4699 494 4706 --—---——-.

372 4793 393 4862 ¹)
413 4793 467 4848 Gfr.
486 4793 590 4850 Phileb.
611 4798 652 4863 15,
670 4795 702 4849 B.
722 4794 810 4850 Parm.
831 4799 890 4864 130,
910 4795 946 4850 E.
967 4826 998 4832 -
1021 4799 1080 4864 131,
1101 4796 1133 4849 E.
1154 4811 1213 4862 sqq.
1233 4793 1292 4863 132,
1312 4795 1344 4850 D.
1363 4812 1420 4863 sqq.
1448 4797 1506 4864 133,
1524 4795 1555 4848 B.
1576 4811 1633 4863 sqq.
1653 4794 1721 4848 Tim.
1741 4796 1784 4863 35,
1803 4796 1836 4847 A.
1847 4793 1879 4849 B.

280 4889 370 4959 Symp.
390 4893 451 4960 202,
470 4891 504 4946 E.
523 4908 563 4960 sq.

370 4986 392 5056 ¹)
413 4987 466 5042 Cir.
486 5005 547 5057 quae
564 4991 647 5058 paulo
665 4998 728 5046 aute
747 5007 764 5046 a
782 4992 860 5046 nobis
878 4991 911 5047 de
930 4989 1023 5046 eadem
1042 5007 1072 5046 re
1091 4990 1164 5046 dieta
1185 4997 1256 5046 sunt.
