4190 6246
297 1191 352 1298 a
376 1188 622 1297 hhhlldss
658 1189 730 1292 llll
767 1186 1119 1294 Plhlhnlslld
1159 1186 1309 1324 budh
1345 1185 1561 1292 llllllUNl
1598 1185 1857 1292 Philonis

760 1354 1145 1467 tohhndllno
1185 1356 1404 1462 lllhhl.

972 1819 1202 1831 wvxvuvxtwax

368 2328 450 2393 Ante
472 2328 576 2393 omnia
598 2329 671 2407 Vos,
697 2347 831 2409 quorum
853 2328 979 2393 honoris
1002 2347 1098 2394 causa
1120 2329 1188 2393 haec
1204 2329 1392 2410 scripsimus,
1417 2329 1486 2394 Viri
1501 2329 1725 2407 humanissimi,
1750 2336 1877 2412 rogatos

279 2445 427 2523 volmuus,
459 2449 494 2508 ut
517 2445 591 2510 boni
613 2445 781 2510 consulatis
804 2445 932 2525 propter
954 2444 1107 2509 instantes
1131 2444 1197 2508 dies
1219 2443 1315 2510 festos
1338 2445 1463 2526 scripta,
1487 2445 1570 2508 inter
1593 2463 1685 2510 curas
1697 2451 1729 2510 et
1739 2447 1874 2528 negotia,

278 2565 417 2642 tempore
440 2559 633 2626 brevissimo.
656 2559 740 2624 Nam
763 2578 829 2624 rem
852 2559 952 2641 ipsam
973 2579 1035 2624 non
1059 2561 1212 2640 estquod
1236 2561 1332 2625 Vobis
1356 2560 1496 2642 pluribus
1520 2561 1779 2640 commendemus,
1805 2581 1876 2644 gra-

277 2694 427 2757 temper
450 2694 484 2740 se
507 2679 539 2738 ct
562 2693 633 2738 curn
656 2675 775 2754 studiis,
801 2693 871 2756 quae
894 2676 977 2740 omni
1000 2680 1141 2756 tempore
1164 2677 1248 2757 apud
1271 2659 1345 2742 Vos*
1358 2677 1442 2741 culta
1465 2679 1546 2754 sunt,
1571 2677 1791 2742 cummaxime
1806 2695 1876 2742 con-

278 2793 427 2856 iunctam.
452 2790 514 2855 Sed
537 2791 667 2872 accipite
689 2809 760 2871 quae
783 2809 833 2856 res
857 2797 981 2873 agatur.
1475 2805 1477 2808 ·

369 2933 431 2998 Ed.
455 2934 594 2998 Zellerus
617 2935 657 3000 V.
681 2935 721 2999 I).
745 2935 951 3016 reprehensus
975 2954 995 2998 a
1017 2953 1067 2998 me
1090 2936 1182 3015 quod,
1207 2953 1304 3015 quum
1327 2932 1430 2996 Αἰτὶαν
1452 2936 1484 2999 in
1507 2935 1645 3014 Philebo,
1676 2937 1784 3019 (quam
1804 2955 1876 3000 ean-

280 3048 351 3112 dem
378 3049 481 3113 ideam
510 3050 584 3114 boni
612 3054 643 3113 et
671 3069 826 3115 summum
858 3050 1101 3132 expetendorum
1131 3050 1225 3115 finem
1256 3069 1324 3116 esse
1346 3050 1436 3132 vult),
1468 3071 1525 3133 pro
1549 3070 1672 3116 summa
1694 3071 1789 3117 causa
1812 3072 1875 3116 mo-

256 3163 651 3251 analemmatorum
674 3165 790 3248 praeter
813 3186 883 3231 eam
900 3167 1001 3230 Deum
1025 3166 1198 3245 adhiberet,
1210 3166 1232 3248 ¹)
1257 3187 1339 3232 nunc
1362 3185 1457 3250 aegre
1478 3166 1581 3232 ferens
1604 3167 1875 3248 reprehensionem

277 3298 314 3343 ex
337 3279 454 3344 lectore
477 3282 599 3361 quaerit,
625 3302 664 3346 an
688 3283 732 3347 sic
754 3282 845 3346 Plato
868 3301 929 3347 non
953 3283 1132 3364 pantheista
1154 3281 1293 3364 fierem)

290 3482 291 3487 ἵ
365 3397 467 3474 Quam
497 3415 563 3460 rem
593 3397 679 3462 haud
710 3397 755 3462 ita
782 3417 930 3481 magnam
953 3399 1164 3464 calamitatem
1187 3398 1253 3464 fore
1275 3403 1376 3480 putat,
1401 3400 1522 3464 slvere
1545 3401 1692 3478 eveniret,
1717 3402 1876 3482 multoque

275 3513 377 3578 minus
400 3531 529 3577 causam
553 3512 758 3578 sufficientem
782 3513 822 3578 ad
845 3514 1052 3596 improbanda
1075 3533 1121 3593 ea,
1147 3532 1217 3594 quae
1241 3515 1377 3578 scientiae
1401 3515 1572 3580 rationibus
1596 3514 1781 3580 efficiantur.
1828 3518 1875 3581 De

241 3625 253 3638 '
278 3647 340 3708 qua
361 3648 397 3693 re
419 3629 551 3694 diversae
575 3634 647 3694 sunt
669 3630 830 3694 hominum
854 3631 1015 3695 doctorum
1039 3630 1209 3708 sententiae,
1235 3649 1291 3712 ego
1315 3649 1461 3712 magnam
1478 3635 1594 3711 putem,
1620 3632 1785 3696 maximam
1801 3651 1875 3697 vero
2004 3639 2007 3646 '

278 3762 347 3808 eam
376 3763 447 3825 quae
476 3746 613 3810 scientiae
650 3751 682 3810 et
710 3745 824 3809 litteris
855 3750 887 3809 et
909 3744 982 3810 fidei
1012 3745 1168 3810 historicae
1190 3745 1263 3809 inde
1285 3749 1425 3826 paretur.
1471 3747 1560 3810 Idem
1583 3746 1708 3826 deinde,
1729 3749 1800 3812 ¹non
1824 3751 1875 3831 agi

276 3859 400 3924 omnino
430 3879 498 3924 eam
528 3879 595 3926 rem
618 3861 651 3925 h.
674 3861 696 3925 l.
724 3858 892 3942 praelatus,
925 3866 1073 3944 surgente
1104 3860 1217 3926 affectu
1246 3880 1334 3939 eum,
1366 3863 1419 3943 qui
1449 3863 1699 3928 dissertationem
1726 3865 1766 3928 de
1790 3861 1874 3951 Αἰτίᾳ
1916 3929 1918 3935 Α

277 3975 400 4041 Philebi
422 3976 471 4040 vel
495 3977 534 4042 de
556 3977 758 4042 Pantheismo
781 3995 874 4059 quem
898 3976 1001 4041 lerant
1024 3977 1162 4043 Platonis
1177 3977 1378 4059 inscripserit,
1403 3978 1590 4059 panthaismi
1605 3977 1667 4042 vim
1683 3984 1715 4043 et
1729 3984 1874 4045 naturam

170 4119 172 4124 ¹
275 4110 387 4172 parum
411 4099 607 4174 perspectam
630 4093 748 4158 habere
772 4094 964 4175 pronuntiat.
987 4093 1150 4159 Platonem
1174 4095 1264 4172 onim,
1290 4094 1412 4159 etiamsi
1435 4095 1536 4160 Deum
1559 4113 1724 4175 personam
1740 4115 1808 4162 asse
1822 4117 1875 4161 ne-

278 4208 428 4288 gavisset,
460 4209 593 4274 multum
624 4210 735 4274 abesse
765 4210 805 4275 ab
829 4229 866 4275 eo
890 4213 926 4274 ut
948 4209 1129 4291 pantheista
1152 4209 1201 4288 sit,
1226 4210 1279 4290 qui
1302 4229 1359 4276 nec
1382 4210 1569 4275 dualismum
1591 4211 1733 4276 idearum
1756 4218 1789 4277 et
1810 4233 1875 4278 ma-

277 4323 372 4402 teriae,
396 4344 454 4390 nec
477 4324 713 4390 disiunctionem
736 4325 878 4390 idearum
903 4329 934 4389 et
957 4333 1072 4402 rerum,
1097 4342 1155 4390 nec
1169 4325 1308 4406 ipsarum
1323 4326 1466 4391 idearum
1482 4327 1658 4408 sustulerit;
1683 4347 1752 4393 eam
1769 4335 1874 4394 autem

276 4439 517 4521 disputationem
541 4459 635 4521 quam
659 4460 717 4524 ego
740 4442 930 4525 impugnem,
956 4460 1017 4506 non
1041 4441 1073 4506 id
1097 4442 1155 4507 sibi
1178 4442 1371 4523 propositum
1393 4441 1512 4506 habere
1534 4447 1571 4507 ut
1593 4445 1746 4522 ostendat,
1771 4445 1875 4510 Plato·

274 4574 345 4619 nem
369 4557 471 4620 Deum
493 4575 658 4638 personam
681 4577 750 4622 esse
771 4559 944 4641 negavisse,
971 4559 1026 4623 sed
1040 4559 1073 4622 id
1088 4563 1125 4622 ut
1140 4558 1302 4637 Platonem
1318 4577 1388 4621 earu
1404 4575 1470 4620 rem
1486 4577 1547 4622 non
1563 4559 1741 4639 quaesivisse
1754 4561 1873 4626 doceat.

274 4671 461 4737 Mirabiliter
484 4691 564 4737 sane.
583 4678 615 4737 et
631 4678 825 4757 σοφιστικῶς.
865 4674 948 4739 Nam
964 4675 1093 4739 docetur
1109 4673 1158 4739 his
1173 4673 1335 4738 Platonem
1358 4692 1398 4738 ne
1413 4673 1623 4754 pantheistam
1638 4675 1764 4757 quidem
1779 4676 1874 4742 irrisae

347 4901 368 4969 ¹)
388 4902 441 4958 Cir.
462 4912 601 4959 comment.
621 4911 740 4960 nostram
759 4905 792 4961 dc
813 4886 899 4975 rlc'rc'pt
914 4909 941 4960 in
960 4907 1074 4962 Philebo
1094 4923 1119 4960 a.
1141 4909 1209 4961 1866
1228 4905 1335 4961 editam.

345 4999 368 5073 ²)
388 5001 442 5058 Clr.
461 5002 513 5060 Ed.
532 5003 631 5062 Zelleri
649 5005 710 5060 hist.
730 5005 798 5075 phil.
817 5022 855 5076 gr.
875 5005 912 5074 II,
934 5008 956 5058 1.
977 5023 1002 5076 p.
1024 5009 1084 5076 601,
1104 5007 1128 5059 3.
1149 5004 1190 5062 ed.
1210 5008 1235 5061 3.
