<?xml version="1.0" encoding="UTF-8"?>
<!DOCTYPE html PUBLIC "-//W3C//DTD XHTML 1.0 Transitional//EN"
    "http://www.w3.org/TR/xhtml1/DTD/xhtml1-transitional.dtd">
<html xmlns="http://www.w3.org/1999/xhtml" xml:lang="en" lang="en">
 <head>
  <title>
</title>
<meta http-equiv="Content-Type" content="text/html;charset=utf-8" />
  <meta name='ocr-system' content='tesseract 3.04.00' />
  <meta name='ocr-capabilities' content='ocr_page ocr_carea ocr_par ocr_line ocrx_word'/>
</head>
<body>
  <div class='ocr_page' id='page_1' title='image "./depantheismoqui00rettgoog_0013.png"; bbox 0 0 4190 6246; ppageno 0'>
   <div class='ocr_carea' id='block_1_1' title="bbox 961 469 1160 569">
    <p class='ocr_par' dir='ltr' id='par_1_1' title="bbox 961 469 1160 569">
     <span class='ocr_line' id='line_1_1' title="bbox 961 469 1160 569; baseline -0.005 -17"><span class='ocrx_word' id='word_1_1' title='bbox 961 469 1160 569; x_wconf 57' lang='lat'><strong>„74</strong></span> 
     </span>
    </p>
   </div>
   <div class='ocr_carea' id='block_1_2' title="bbox 241 693 1913 5069">
    <p class='ocr_par' dir='ltr' id='par_1_2' title="bbox 241 693 1913 3562">
     <span class='ocr_line' id='line_1_2' title="bbox 241 693 1865 789; baseline -0.007 -17"><span class='ocrx_word' id='word_1_2' title='bbox 241 708 363 789; x_wconf 80' lang='lat' dir='ltr'><strong>Plato,</strong></span> <span class='ocrx_word' id='word_1_3' title='bbox 395 711 480 774; x_wconf 84' lang='lat' dir='ltr'>ideas</span> <span class='ocrx_word' id='word_1_4' title='bbox 509 712 541 772; x_wconf 91' lang='lat' dir='ltr'><strong>et</strong></span> <span class='ocrx_word' id='word_1_5' title='bbox 564 705 742 782; x_wconf 84' lang='lat' dir='ltr'><strong>materiam,</strong></span> <span class='ocrx_word' id='word_1_6' title='bbox 767 701 896 768; x_wconf 89' lang='lat' dir='ltr'><strong>tertium</strong></span> <span class='ocrx_word' id='word_1_7' title='bbox 919 718 1074 781; x_wconf 80' lang='lat' dir='ltr'>nusquam</span> <span class='ocrx_word' id='word_1_8' title='bbox 1098 698 1239 780; x_wconf 90' lang='lat' dir='ltr'><strong>reperiri.</strong></span> <span class='ocrx_word' id='word_1_9' title='bbox 1287 693 1356 762; x_wconf 78' lang='lat' dir='ltr'><strong>Non</strong></span> <span class='ocrx_word' id='word_1_10' title='bbox 1378 715 1469 778; x_wconf 91' lang='lat' dir='ltr'><strong>posse</strong></span> <span class='ocrx_word' id='word_1_11' title='bbox 1491 697 1587 779; x_wconf 92' lang='lat' dir='ltr'><strong>igitur</strong></span> <span class='ocrx_word' id='word_1_12' title='bbox 1610 696 1642 762; x_wconf 95' lang='lat' dir='ltr'><strong>h.</strong></span> <span class='ocrx_word' id='word_1_13' title='bbox 1665 696 1686 762; x_wconf 92' lang='lat' dir='ltr'><strong>l.</strong></span> <span class='ocrx_word' id='word_1_14' title='bbox 1710 696 1749 761; x_wconf 92' lang='lat' dir='ltr'><strong>de</strong></span> <span class='ocrx_word' id='word_1_15' title='bbox 1772 696 1865 761; x_wconf 89' lang='lat' dir='ltr'><strong>rebus</strong></span> 
     </span>
     <span class='ocr_line' id='line_1_3' title="bbox 247 805 1913 899; baseline -0.008 -11"><span class='ocrx_word' id='word_1_16' title='bbox 247 823 493 890; x_wconf 79' lang='lat' dir='ltr'><strong>mathematicis</strong></span> <span class='ocrx_word' id='word_1_17' title='bbox 518 838 694 888; x_wconf 85' lang='lat' dir='ltr'><strong>sennonem</strong></span> <span class='ocrx_word' id='word_1_18' title='bbox 729 835 812 896; x_wconf 90' lang='grc'><strong>6116,</strong></span> <span class='ocrx_word' id='word_1_19' title='bbox 849 835 920 899; x_wconf 90' lang='lat' dir='ltr'><strong>quae</strong></span> <span class='ocrx_word' id='word_1_20' title='bbox 947 816 1025 880; x_wconf 88' lang='lat' dir='ltr'><strong>ideis</strong></span> <span class='ocrx_word' id='word_1_21' title='bbox 1048 821 1080 881; x_wconf 91' lang='lat' dir='ltr'><strong>et</strong></span> <span class='ocrx_word' id='word_1_22' title='bbox 1103 815 1197 880; x_wconf 87' lang='lat' dir='ltr'><strong>rebus</strong></span> <span class='ocrx_word' id='word_1_23' title='bbox 1221 813 1362 878; x_wconf 85' lang='lat' dir='ltr'><strong>sensibus</strong></span> <span class='ocrx_word' id='word_1_24' title='bbox 1385 813 1532 879; x_wconf 88' lang='lat' dir='ltr'><strong>subiectis</strong></span> <span class='ocrx_word' id='word_1_25' title='bbox 1554 813 1761 894; x_wconf 80' lang='lat' dir='ltr'><strong>interposita,</strong></span> <span class='ocrx_word' id='word_1_26' title='bbox 1793 811 1864 896; x_wconf 83' lang='lat' dir='ltr'><strong>(cir.</strong></span> <span class='ocrx_word' id='word_1_27' title='bbox 1911 805 1913 810; x_wconf 80' lang='grc'><strong>’</strong></span> 
     </span>
     <span class='ocr_line' id='line_1_4' title="bbox 248 929 1866 1019; baseline -0.007 -15"><span class='ocrx_word' id='word_1_28' title='bbox 248 941 322 1006; x_wconf 92' lang='lat' dir='ltr'><strong>Pol.</strong></span> <span class='ocrx_word' id='word_1_29' title='bbox 352 941 406 1019; x_wconf 90' lang='lat' dir='ltr'><strong>VI,</strong></span> <span class='ocrx_word' id='word_1_30' title='bbox 433 945 507 1018; x_wconf 81' lang='grc'><strong>569,</strong></span> <span class='ocrx_word' id='word_1_31' title='bbox 534 939 575 1002; x_wconf 89' lang='lat' dir='ltr'><strong>D.</strong></span> <span class='ocrx_word' id='word_1_32' title='bbox 599 955 669 1018; x_wconf 87' lang='lat' dir='ltr'><strong>sqq.</strong></span> <span class='ocrx_word' id='word_1_33' title='bbox 695 938 771 1012; x_wconf 85' lang='grc'><strong>511,</strong></span> <span class='ocrx_word' id='word_1_34' title='bbox 801 935 837 999; x_wconf 83' lang='lat' dir='ltr'><strong>G.</strong></span> <span class='ocrx_word' id='word_1_35' title='bbox 861 932 943 1014; x_wconf 87' lang='lat' dir='ltr'><strong>sqq.)</strong></span> <span class='ocrx_word' id='word_1_36' title='bbox 966 950 1121 1012; x_wconf 89' lang='lat' dir='ltr'><strong>nusquam</strong></span> <span class='ocrx_word' id='word_1_37' title='bbox 1144 930 1303 1012; x_wconf 93' lang='lat' dir='ltr'><strong>principiis</strong></span> <span class='ocrx_word' id='word_1_38' title='bbox 1326 929 1463 994; x_wconf 89' lang='lat' dir='ltr'><strong>realibus</strong></span> <span class='ocrx_word' id='word_1_39' title='bbox 1486 933 1739 1008; x_wconf 87' lang='lat' dir='ltr'><strong>annumerentur,</strong></span> <span class='ocrx_word' id='word_1_40' title='bbox 1756 933 1866 1010; x_wconf 89' lang='lat' dir='ltr'><strong>sponte</strong></span> 
     </span>
     <span class='ocr_line' id='line_1_5' title="bbox 248 1045 1863 1142; baseline -0.008 -21"><span class='ocrx_word' id='word_1_41' title='bbox 248 1060 411 1139; x_wconf 61' lang='lat' dir='ltr'><strong>apparea</strong></span> <span class='ocrx_word' id='word_1_42' title='bbox 445 1071 556 1142; x_wconf 87' lang='lat' dir='ltr'><strong>porro,</strong></span> <span class='ocrx_word' id='word_1_43' title='bbox 593 1069 663 1132; x_wconf 87' lang='lat' dir='ltr'><strong>quae</strong></span> <span class='ocrx_word' id='word_1_44' title='bbox 699 1050 739 1114; x_wconf 91' lang='lat' dir='ltr'><strong>de</strong></span> <span class='ocrx_word' id='word_1_45' title='bbox 766 1054 879 1130; x_wconf 92' lang='lat' dir='ltr'><strong>quarto</strong></span> <span class='ocrx_word' id='word_1_46' title='bbox 907 1065 1022 1130; x_wconf 90' lang='lat' dir='ltr'><strong>genere</strong></span> <span class='ocrx_word' id='word_1_47' title='bbox 1049 1047 1193 1112; x_wconf 91' lang='lat' dir='ltr'><strong>dicantur</strong></span> <span class='ocrx_word' id='word_1_48' title='bbox 1222 1064 1259 1110; x_wconf 91' lang='lat' dir='ltr'><strong>ea</strong></span> <span class='ocrx_word' id='word_1_49' title='bbox 1287 1046 1327 1110; x_wconf 90' lang='lat' dir='ltr'><strong>ad</strong></span> <span class='ocrx_word' id='word_1_50' title='bbox 1357 1064 1483 1110; x_wconf 87' lang='lat' dir='ltr'><strong>causam</strong></span> <span class='ocrx_word' id='word_1_51' title='bbox 1513 1046 1675 1111; x_wconf 87' lang='lat' dir='ltr'><strong>motriccm</strong></span> <span class='ocrx_word' id='word_1_52' title='bbox 1698 1045 1863 1126; x_wconf 89' lang='lat' dir='ltr'><strong>pertinere,</strong></span> 
     </span>
     <span class='ocr_line' id='line_1_6' title="bbox 250 1159 1866 1247; baseline -0.007 -13"><span class='ocrx_word' id='word_1_53' title='bbox 250 1171 273 1236; x_wconf 93' lang='lat' dir='ltr'><strong>i.</strong></span> <span class='ocrx_word' id='word_1_54' title='bbox 302 1190 334 1237; x_wconf 87' lang='grc'><strong>6.</strong></span> <span class='ocrx_word' id='word_1_55' title='bbox 359 1171 401 1236; x_wconf 93' lang='lat' dir='ltr'><strong>ad</strong></span> <span class='ocrx_word' id='word_1_56' title='bbox 424 1171 545 1247; x_wconf 88' lang='lat' dir='ltr'><strong>Deum,</strong></span> <span class='ocrx_word' id='word_1_57' title='bbox 576 1186 637 1232; x_wconf 93' lang='lat' dir='ltr'><strong>non</strong></span> <span class='ocrx_word' id='word_1_58' title='bbox 664 1165 705 1230; x_wconf 92' lang='lat' dir='ltr'><strong>ud</strong></span> <span class='ocrx_word' id='word_1_59' title='bbox 727 1165 831 1228; x_wconf 91' lang='lat' dir='ltr'><strong>ideam</strong></span> <span class='ocrx_word' id='word_1_60' title='bbox 854 1162 943 1240; x_wconf 93' lang='lat' dir='ltr'><strong>boni,</strong></span> <span class='ocrx_word' id='word_1_61' title='bbox 976 1179 1046 1242; x_wconf 86' lang='lat' dir='ltr'><strong>quae</strong></span> <span class='ocrx_word' id='word_1_62' title='bbox 1070 1161 1183 1226; x_wconf 88' lang='lat' dir='ltr'><strong>Zelleri</strong></span> <span class='ocrx_word' id='word_1_63' title='bbox 1207 1160 1308 1243; x_wconf 91' lang='lat' dir='ltr'><strong>opinio</strong></span> <span class='ocrx_word' id='word_1_64' title='bbox 1331 1166 1388 1226; x_wconf 89' lang='lat' dir='ltr'><strong>cst.</strong></span> <span class='ocrx_word' id='word_1_65' title='bbox 1435 1161 1555 1226; x_wconf 87' lang='lat' dir='ltr'><strong>Earum</strong></span> <span class='ocrx_word' id='word_1_66' title='bbox 1577 1179 1684 1225; x_wconf 80' lang='lat' dir='ltr'><strong>renim</strong></span> <span class='ocrx_word' id='word_1_67' title='bbox 1706 1177 1784 1242; x_wconf 90' lang='lat' dir='ltr'><strong>quas</strong></span> <span class='ocrx_word' id='word_1_68' title='bbox 1807 1159 1866 1224; x_wconf 90' lang='lat' dir='ltr'><strong>hoc</strong></span> 
     </span>
     <span class='ocr_line' id='line_1_7' title="bbox 252 1271 1867 1368; baseline -0.006 -20"><span class='ocrx_word' id='word_1_69' title='bbox 252 1286 333 1350; x_wconf 86' lang='lat' dir='ltr'><strong>loco</strong></span> <span class='ocrx_word' id='word_1_70' title='bbox 365 1284 509 1366; x_wconf 89' lang='lat' dir='ltr'><strong>ponimus</strong></span> <span class='ocrx_word' id='word_1_71' title='bbox 531 1271 688 1347; x_wconf 85' lang='lat' dir='ltr'><strong>¹ulteriora</strong></span> <span class='ocrx_word' id='word_1_72' title='bbox 711 1283 897 1361; x_wconf 88' lang='lat' dir='ltr'><strong>argumenta</strong></span> <span class='ocrx_word' id='word_1_73' title='bbox 920 1276 1073 1342; x_wconf 88' lang='lat' dir='ltr'><strong>habemus</strong></span> <span class='ocrx_word' id='word_1_74' title='bbox 1096 1281 1319 1368; x_wconf 77' lang='lat' dir='ltr'><strong>congruentem</strong></span> <span class='ocrx_word' id='word_1_75' title='bbox 1341 1295 1412 1342; x_wconf 92' lang='lat' dir='ltr'><strong>cum</strong></span> <span class='ocrx_word' id='word_1_76' title='bbox 1435 1276 1483 1342; x_wconf 90' lang='lat' dir='ltr'><strong>bis</strong></span> <span class='ocrx_word' id='word_1_77' title='bbox 1507 1276 1616 1342; x_wconf 82' lang='lat' dir='ltr'><strong>Timaei</strong></span> <span class='ocrx_word' id='word_1_78' title='bbox 1639 1276 1811 1341; x_wconf 86' lang='lat' dir='ltr'><strong>doctrinam</strong></span> <span class='ocrx_word' id='word_1_79' title='bbox 1835 1279 1867 1338; x_wconf 90' lang='lat' dir='ltr'><strong>ct</strong></span> 
     </span>
     <span class='ocr_line' id='line_1_8' title="bbox 255 1389 1899 1479; baseline -0.005 -15"><span class='ocrx_word' id='word_1_80' title='bbox 255 1401 405 1472; x_wconf 88' lang='lat' dir='ltr'><strong>idearum</strong></span> <span class='ocrx_word' id='word_1_81' title='bbox 435 1405 599 1478; x_wconf 90' lang='lat' dir='ltr'><strong>naturam,</strong></span> <span class='ocrx_word' id='word_1_82' title='bbox 631 1415 700 1479; x_wconf 84' lang='lat' dir='ltr'><strong>quae</strong></span> <span class='ocrx_word' id='word_1_83' title='bbox 732 1394 806 1459; x_wconf 85' lang='lat' dir='ltr'><strong>solae</strong></span> <span class='ocrx_word' id='word_1_84' title='bbox 836 1390 943 1456; x_wconf 78' lang='grc' dir='ltr'><em>οὐσίας</em></span> <span class='ocrx_word' id='word_1_85' title='bbox 966 1410 1073 1457; x_wconf 90' lang='lat' dir='ltr'><strong>rerum</strong></span> <span class='ocrx_word' id='word_1_86' title='bbox 1096 1411 1199 1457; x_wconf 89' lang='lat' dir='ltr'><strong>causae</strong></span> <span class='ocrx_word' id='word_1_87' title='bbox 1223 1393 1293 1471; x_wconf 90' lang='lat' dir='ltr'><strong>sint,</strong></span> <span class='ocrx_word' id='word_1_88' title='bbox 1324 1411 1455 1474; x_wconf 84' lang='lat' dir='ltr'><strong>perraro</strong></span> <span class='ocrx_word' id='word_1_89' title='bbox 1478 1392 1591 1474; x_wconf 89' lang='lat' dir='ltr'><strong>agendi</strong></span> <span class='ocrx_word' id='word_1_90' title='bbox 1613 1390 1763 1456; x_wconf 88' lang='lat' dir='ltr'><strong>facultate</strong></span> <span class='ocrx_word' id='word_1_91' title='bbox 1785 1408 1865 1472; x_wconf 91' lang='lat' dir='ltr'><strong>prae·</strong></span> <span class='ocrx_word' id='word_1_92' title='bbox 1897 1389 1899 1394; x_wconf 77' lang='grc'>’</span> 
     </span>
     <span class='ocr_line' id='line_1_9' title="bbox 258 1506 1864 1592; baseline -0.005 -12"><span class='ocrx_word' id='word_1_93' title='bbox 258 1517 338 1580; x_wconf 79' lang='lat' dir='ltr'><strong>(litae</strong></span> <span class='ocrx_word' id='word_1_94' title='bbox 363 1515 569 1592; x_wconf 80' lang='lat' dir='ltr'><strong>inveniantur,</strong></span> <span class='ocrx_word' id='word_1_95' title='bbox 595 1512 765 1578; x_wconf 90' lang='lat' dir='ltr'><strong>secundum</strong></span> <span class='ocrx_word' id='word_1_96' title='bbox 789 1509 994 1574; x_wconf 82' lang='lat' dir='ltr'><strong>Aristotelem</strong></span> <span class='ocrx_word' id='word_1_97' title='bbox 1024 1509 1102 1573; x_wconf 87' lang='lat' dir='ltr'><strong>adeo</strong></span> <span class='ocrx_word' id='word_1_98' title='bbox 1132 1526 1171 1573; x_wconf 91' lang='grc'><strong>66</strong></span> <span class='ocrx_word' id='word_1_99' title='bbox 1200 1507 1350 1574; x_wconf 87' lang='lat' dir='ltr'><strong>facultate</strong></span> <span class='ocrx_word' id='word_1_100' title='bbox 1373 1514 1512 1573; x_wconf 89' lang='lat' dir='ltr'><strong>careant.</strong></span> <span class='ocrx_word' id='word_1_101' title='bbox 1543 1506 1864 1573; x_wconf 83' lang='lat' dir='ltr'><strong>Cf1·.Aristot.Mct.</strong></span> 
     </span>
     <span class='ocr_line' id='line_1_10' title="bbox 256 1621 1866 1710; baseline -0.005 -16"><span class='ocrx_word' id='word_1_102' title='bbox 256 1631 285 1710; x_wconf 96' lang='lat' dir='ltr'><strong>l,</strong></span> <span class='ocrx_word' id='word_1_103' title='bbox 314 1635 343 1708; x_wconf 84' lang='lat'><strong>9,</strong></span> <span class='ocrx_word' id='word_1_104' title='bbox 369 1634 443 1708; x_wconf 84' lang='lat'>991,</span> <span class='ocrx_word' id='word_1_105' title='bbox 468 1649 496 1709; x_wconf 93' lang='lat' dir='ltr'><strong>a,</strong></span> <span class='ocrx_word' id='word_1_106' title='bbox 522 1633 575 1695; x_wconf 86' lang='lat'><strong>20.</strong></span> <span class='ocrx_word' id='word_1_107' title='bbox 600 1632 674 1706; x_wconf 82' lang='lat'>992,</span> <span class='ocrx_word' id='word_1_108' title='bbox 701 1647 730 1706; x_wconf 89' lang='grc'><strong>6,</strong></span> <span class='ocrx_word' id='word_1_109' title='bbox 756 1631 808 1694; x_wconf 87' lang='grc'><strong>24.</strong></span> <span class='ocrx_word' id='word_1_110' title='bbox 840 1625 913 1702; x_wconf 89' lang='grc' dir='ltr'>ΧΙΙ,</span> <span class='ocrx_word' id='word_1_111' title='bbox 941 1627 992 1701; x_wconf 87' lang='grc'><strong>10,</strong></span> <span class='ocrx_word' id='word_1_112' title='bbox 1020 1627 1114 1702; x_wconf 85' lang='grc'><strong>1075,</strong></span> <span class='ocrx_word' id='word_1_113' title='bbox 1139 1624 1170 1702; x_wconf 93' lang='lat' dir='ltr'><strong>b,</strong></span> <span class='ocrx_word' id='word_1_114' title='bbox 1199 1627 1249 1689; x_wconf 84' lang='lat'><strong>19.</strong></span> <span class='ocrx_word' id='word_1_115' title='bbox 1273 1623 1325 1688; x_wconf 89' lang='lat' dir='ltr'><strong>all.</strong></span> <span class='ocrx_word' id='word_1_116' title='bbox 1371 1621 1575 1688; x_wconf 84' lang='lat' dir='ltr'><strong>Conferamus</strong></span> <span class='ocrx_word' id='word_1_117' title='bbox 1604 1642 1686 1688; x_wconf 88' lang='lat' dir='ltr'><strong>nuuc</strong></span> <span class='ocrx_word' id='word_1_118' title='bbox 1716 1642 1785 1689; x_wconf 86' lang='lat' dir='ltr'><strong>curn</strong></span> <span class='ocrx_word' id='word_1_119' title='bbox 1817 1622 1866 1687; x_wconf 92' lang='lat' dir='ltr'><strong>his</strong></span> 
     </span>
     <span class='ocr_line' id='line_1_11' title="bbox 258 1739 1864 1823; baseline -0.004 -13"><span class='ocrx_word' id='word_1_120' title='bbox 258 1745 374 1810; x_wconf 79' lang='lat' dir='ltr'><strong>Timaei</strong></span> <span class='ocrx_word' id='word_1_121' title='bbox 400 1745 576 1809; x_wconf 88' lang='lat' dir='ltr'><strong>doctrinam</strong></span> <span class='ocrx_word' id='word_1_122' title='bbox 600 1749 632 1808; x_wconf 97' lang='grc'><strong>61</strong></span> <span class='ocrx_word' id='word_1_123' title='bbox 653 1741 816 1808; x_wconf 86' lang='lat' dir='ltr'><strong>videamus</strong></span> <span class='ocrx_word' id='word_1_124' title='bbox 839 1747 1032 1823; x_wconf 88' lang='lat' dir='ltr'><strong>quantopere</strong></span> <span class='ocrx_word' id='word_1_125' title='bbox 1054 1740 1218 1821; x_wconf 86' lang='lat' dir='ltr'><strong>utriusque</strong></span> <span class='ocrx_word' id='word_1_126' title='bbox 1240 1739 1313 1804; x_wconf 90' lang='lat' dir='ltr'><strong>libri</strong></span> <span class='ocrx_word' id='word_1_127' title='bbox 1341 1739 1489 1821; x_wconf 84' lang='lat' dir='ltr'><strong>dogmata</strong></span> <span class='ocrx_word' id='word_1_128' title='bbox 1518 1739 1599 1803; x_wconf 90' lang='lat' dir='ltr'><strong>inter</strong></span> <span class='ocrx_word' id='word_1_129' title='bbox 1622 1757 1656 1804; x_wconf 90' lang='lat' dir='ltr'><strong>se</strong></span> <span class='ocrx_word' id='word_1_130' title='bbox 1678 1740 1864 1820; x_wconf 88' lang='lat' dir='ltr'><strong>conspirent.</strong></span> 
     </span>
     <span class='ocr_line' id='line_1_12' title="bbox 258 1853 1865 1942; baseline -0.005 -17"><span class='ocrx_word' id='word_1_131' title='bbox 258 1862 301 1926; x_wconf 90' lang='lat' dir='ltr'><strong>Iu</strong></span> <span class='ocrx_word' id='word_1_132' title='bbox 325 1862 454 1939; x_wconf 84' lang='lat' dir='ltr'><strong>Timaeo,</strong></span> <span class='ocrx_word' id='word_1_133' title='bbox 479 1879 509 1942; x_wconf 94' lang='lat' dir='ltr'><strong>p.</strong></span> <span class='ocrx_word' id='word_1_134' title='bbox 535 1865 587 1938; x_wconf 84' lang='grc'>27,</span> <span class='ocrx_word' id='word_1_135' title='bbox 613 1859 651 1923; x_wconf 90' lang='grc' dir='ltr'><strong>Ε.</strong></span> <span class='ocrx_word' id='word_1_136' title='bbox 676 1877 722 1940; x_wconf 92' lang='lat' dir='ltr'><strong>sq.</strong></span> <span class='ocrx_word' id='word_1_137' title='bbox 754 1863 920 1940; x_wconf 88' lang='lat' dir='ltr'><strong>postquam</strong></span> <span class='ocrx_word' id='word_1_138' title='bbox 942 1855 1086 1920; x_wconf 88' lang='lat' dir='ltr'><strong>idearum</strong></span> <span class='ocrx_word' id='word_1_139' title='bbox 1110 1860 1142 1920; x_wconf 91' lang='lat' dir='ltr'><strong>et</strong></span> <span class='ocrx_word' id='word_1_140' title='bbox 1165 1873 1271 1919; x_wconf 89' lang='lat' dir='ltr'><strong>rerum</strong></span> <span class='ocrx_word' id='word_1_141' title='bbox 1295 1854 1436 1920; x_wconf 87' lang='lat' dir='ltr'><strong>sensibus</strong></span> <span class='ocrx_word' id='word_1_142' title='bbox 1452 1853 1663 1920; x_wconf 87' lang='lat' dir='ltr'><strong>subiectarum</strong></span> <span class='ocrx_word' id='word_1_143' title='bbox 1679 1853 1865 1920; x_wconf 88' lang='lat' dir='ltr'><strong>mentionem</strong></span> 
     </span>
     <span class='ocr_line' id='line_1_13' title="bbox 263 1967 1867 2057; baseline -0.006 -17"><span class='ocrx_word' id='word_1_144' title='bbox 263 1976 350 2054; x_wconf 87' lang='lat' dir='ltr'><strong>iecit,</strong></span> <span class='ocrx_word' id='word_1_145' title='bbox 374 1994 503 2057; x_wconf 88' lang='lat' dir='ltr'><strong>prorsus</strong></span> <span class='ocrx_word' id='word_1_146' title='bbox 527 1974 635 2040; x_wconf 89' lang='lat' dir='ltr'><strong>eodem</strong></span> <span class='ocrx_word' id='word_1_147' title='bbox 658 1974 749 2039; x_wconf 92' lang='lat' dir='ltr'><strong>modo</strong></span> <span class='ocrx_word' id='word_1_148' title='bbox 772 1979 809 2038; x_wconf 91' lang='lat' dir='ltr'><strong>ut</strong></span> <span class='ocrx_word' id='word_1_149' title='bbox 830 1972 862 2037; x_wconf 92' lang='lat' dir='ltr'><strong>b.</strong></span> <span class='ocrx_word' id='word_1_150' title='bbox 886 1972 908 2037; x_wconf 97' lang='lat' dir='ltr'><strong>l.</strong></span> <span class='ocrx_word' id='word_1_151' title='bbox 932 1976 964 2037; x_wconf 90' lang='lat' dir='ltr'><strong>et</strong></span> <span class='ocrx_word' id='word_1_152' title='bbox 987 1971 1109 2036; x_wconf 90' lang='lat' dir='ltr'><strong>Philebi</strong></span> <span class='ocrx_word' id='word_1_153' title='bbox 1132 1989 1204 2053; x_wconf 87' lang='lat' dir='ltr'><strong>pag.</strong></span> <span class='ocrx_word' id='word_1_154' title='bbox 1229 1975 1281 2049; x_wconf 81' lang='grc'>26,</span> <span class='ocrx_word' id='word_1_155' title='bbox 1306 1969 1355 2049; x_wconf 79' lang='grc' dir='ltr'>Ε,</span> <span class='ocrx_word' id='word_1_156' title='bbox 1380 1987 1436 2052; x_wconf 81' lang='lat' dir='ltr'><strong>sq,</strong></span> <span class='ocrx_word' id='word_1_157' title='bbox 1477 1977 1587 2036; x_wconf 88' lang='lat' dir='ltr'><strong>auctor</strong></span> <span class='ocrx_word' id='word_1_158' title='bbox 1610 1971 1714 2036; x_wconf 89' lang='lat' dir='ltr'><strong>addit:</strong></span> <span class='ocrx_word' id='word_1_159' title='bbox 1747 1973 1808 2033; x_wconf 85' lang='grc' dir='ltr'><strong>πᾶν</strong></span> <span class='ocrx_word' id='word_1_160' title='bbox 1831 1967 1867 2032; x_wconf 88' lang='grc' dir='ltr'><strong>δὲ</strong></span> 
     </span>
     <span class='ocr_line' id='line_1_14' title="bbox 266 2083 1866 2178; baseline -0.004 -24"><span class='ocrx_word' id='word_1_161' title='bbox 266 2089 307 2154; x_wconf 79' lang='grc' dir='ltr'><strong>αὖ</strong></span> <span class='ocrx_word' id='word_1_162' title='bbox 329 2091 365 2153; x_wconf 88' lang='grc' dir='ltr'><em>τὸ</em></span> <span class='ocrx_word' id='word_1_163' title='bbox 389 2091 569 2174; x_wconf 68' lang='grc' dir='ltr'><em>γιγνόμενον</em></span> <span class='ocrx_word' id='word_1_164' title='bbox 591 2085 639 2152; x_wconf 83' lang='grc' dir='ltr'><strong>ὑπ’</strong></span> <span class='ocrx_word' id='word_1_165' title='bbox 662 2086 759 2150; x_wconf 76' lang='grc' dir='ltr'><em>αἰτίου</em></span> <span class='ocrx_word' id='word_1_166' title='bbox 782 2088 865 2150; x_wconf 77' lang='grc' dir='ltr'><em>τινός</em></span> <span class='ocrx_word' id='word_1_167' title='bbox 888 2087 922 2160; x_wconf 78' lang='grc' dir='ltr'><strong>ἐξ</strong></span> <span class='ocrx_word' id='word_1_168' title='bbox 945 2085 1079 2173; x_wconf 73' lang='grc' dir='ltr'><em>ἀνάγκης</em></span> <span class='ocrx_word' id='word_1_169' title='bbox 1103 2084 1273 2166; x_wconf 58' lang='lat' dir='ltr'><strong>ripaealtae</strong></span> <span class='ocrx_word' id='word_1_170' title='bbox 1298 2083 1388 2146; x_wconf 82' lang='grc' dir='ltr'><em>παντὶ</em></span> <span class='ocrx_word' id='word_1_171' title='bbox 1410 2083 1471 2171; x_wconf 73' lang='grc' dir='ltr'><strong>γὰρ</strong></span> <span class='ocrx_word' id='word_1_172' title='bbox 1488 2083 1641 2148; x_wconf 76' lang='grc' dir='ltr'><em>ἀδύνατον</em></span> <span class='ocrx_word' id='word_1_173' title='bbox 1656 2085 1754 2178; x_wconf 81' lang='grc' dir='ltr'><em>χωρὶς</em></span> <span class='ocrx_word' id='word_1_174' title='bbox 1770 2083 1866 2148; x_wconf 76' lang='grc' dir='ltr'><em>αἰτίου</em></span> 
     </span>
     <span class='ocr_line' id='line_1_15' title="bbox 264 2195 1866 2293; baseline -0.004 -23"><span class='ocrx_word' id='word_1_175' title='bbox 264 2205 385 2289; x_wconf 72' lang='grc' dir='ltr'><em>γένεσιν</em></span> <span class='ocrx_word' id='word_1_176' title='bbox 408 2211 505 2293; x_wconf 87' lang='grc' dir='ltr'><em>σχεῖν.</em></span> <span class='ocrx_word' id='word_1_177' title='bbox 542 2203 613 2268; x_wconf 84' lang='grc' dir='ltr'><em>ὅτου</em></span> <span class='ocrx_word' id='word_1_178' title='bbox 635 2203 694 2288; x_wconf 85' lang='grc' dir='ltr'><strong>μὲν</strong></span> <span class='ocrx_word' id='word_1_179' title='bbox 723 2201 778 2266; x_wconf 78' lang='grc' dir='ltr'><strong>οὖν</strong></span> <span class='ocrx_word' id='word_1_180' title='bbox 808 2203 848 2265; x_wconf 86' lang='grc' dir='ltr'><strong>άν</strong></span> <span class='ocrx_word' id='word_1_181' title='bbox 877 2202 895 2263; x_wconf 88' lang='grc' dir='ltr'><em>δ</em></span> <span class='ocrx_word' id='word_1_182' title='bbox 923 2201 1108 2289; x_wconf 69' lang='grc' dir='ltr'><em>δημιουργὸς</em></span> <span class='ocrx_word' id='word_1_183' title='bbox 1131 2200 1210 2288; x_wconf 76' lang='grc' dir='ltr'><em>πρὸς</em></span> <span class='ocrx_word' id='word_1_184' title='bbox 1233 2200 1269 2264; x_wconf 90' lang='grc' dir='ltr'><em>τό</em></span> <span class='ocrx_word' id='word_1_185' title='bbox 1290 2195 1370 2263; x_wconf 84' lang='grc' dir='ltr'><em>κατὰ</em></span> <span class='ocrx_word' id='word_1_186' title='bbox 1392 2199 1489 2264; x_wconf 83' lang='grc' dir='ltr'><em>ταύτὰ</em></span> <span class='ocrx_word' id='word_1_187' title='bbox 1511 2201 1585 2288; x_wconf 86' lang='grc' dir='ltr'><em>ἔχον</em></span> <span class='ocrx_word' id='word_1_188' title='bbox 1606 2200 1731 2285; x_wconf 78' lang='grc' dir='ltr'><em>βλέπων</em></span> <span class='ocrx_word' id='word_1_189' title='bbox 1754 2200 1801 2264; x_wconf 73' lang='grc' dir='ltr'><strong>ἀεὶ</strong></span> <span class='ocrx_word' id='word_1_190' title='bbox 1823 2239 1866 2248; x_wconf 88' lang='lat'><strong>——</strong></span> 
     </span>
     <span class='ocr_line' id='line_1_16' title="bbox 265 2316 1867 2410; baseline 0 -26"><span class='ocrx_word' id='word_1_191' title='bbox 265 2322 474 2410; x_wconf 65' lang='grc' dir='ltr'><em>ἀπεργάζηται</em></span> <span class='ocrx_word' id='word_1_192' title='bbox 495 2320 556 2384; x_wconf 78' lang='grc' dir='ltr'><em>κτλ.</em></span> <span class='ocrx_word' id='word_1_193' title='bbox 581 2320 636 2383; x_wconf 88' lang='grc' dir='ltr'><em>τόν</em></span> <span class='ocrx_word' id='word_1_194' title='bbox 658 2319 846 2407; x_wconf 75' lang='grc' dir='ltr'><em>δημιουργόν</em></span> <span class='ocrx_word' id='word_1_195' title='bbox 865 2319 912 2402; x_wconf 74' lang='grc' dir='ltr'><em>τῷ</em></span> <span class='ocrx_word' id='word_1_196' title='bbox 934 2316 1034 2402; x_wconf 76' lang='grc' dir='ltr'><em>αἰτίῳ,</em></span> <span class='ocrx_word' id='word_1_197' title='bbox 1059 2318 1173 2400; x_wconf 86' lang='lat' dir='ltr'><strong>quippe</strong></span> <span class='ocrx_word' id='word_1_198' title='bbox 1184 2319 1277 2397; x_wconf 88' lang='lat' dir='ltr'><strong>idem,</strong></span> <span class='ocrx_word' id='word_1_199' title='bbox 1301 2319 1502 2384; x_wconf 79' lang='lat' dir='ltr'><strong>substituens.</strong></span> <span class='ocrx_word' id='word_1_200' title='bbox 1526 2319 1564 2383; x_wconf 91' lang='lat' dir='ltr'><strong>In</strong></span> <span class='ocrx_word' id='word_1_201' title='bbox 1579 2318 1628 2384; x_wconf 87' lang='lat' dir='ltr'><strong>his</strong></span> <span class='ocrx_word' id='word_1_202' title='bbox 1643 2319 1739 2402; x_wconf 84' lang='lat' dir='ltr'><strong>igitur</strong></span> <span class='ocrx_word' id='word_1_203' title='bbox 1754 2320 1867 2386; x_wconf 84' lang='lat' dir='ltr'><strong>iniuria</strong></span> 
     </span>
     <span class='ocr_line' id='line_1_17' title="bbox 267 2433 1867 2517; baseline -0.002 -13"><span class='ocrx_word' id='word_1_204' title='bbox 267 2440 358 2506; x_wconf 85' lang='lat' dir='ltr'><strong>haesit</strong></span> <span class='ocrx_word' id='word_1_205' title='bbox 385 2439 524 2504; x_wconf 89' lang='lat' dir='ltr'><strong>Zellerus</strong></span> <span class='ocrx_word' id='word_1_206' title='bbox 547 2437 682 2502; x_wconf 91' lang='lat' dir='ltr'><strong>miratus</strong></span> <span class='ocrx_word' id='word_1_207' title='bbox 704 2436 788 2517; x_wconf 91' lang='lat' dir='ltr'><strong>quod</strong></span> <span class='ocrx_word' id='word_1_208' title='bbox 812 2435 856 2502; x_wconf 91' lang='lat' dir='ltr'><strong>sic</strong></span> <span class='ocrx_word' id='word_1_209' title='bbox 879 2435 983 2501; x_wconf 92' lang='lat' dir='ltr'><strong>subita</strong></span> <span class='ocrx_word' id='word_1_210' title='bbox 1006 2454 1026 2500; x_wconf 91' lang='lat' dir='ltr'><strong>a</strong></span> <span class='ocrx_word' id='word_1_211' title='bbox 1049 2453 1144 2500; x_wconf 89' lang='lat' dir='ltr'><strong>causa</strong></span> <span class='ocrx_word' id='word_1_212' title='bbox 1167 2435 1207 2499; x_wconf 90' lang='lat' dir='ltr'><strong>ad</strong></span> <span class='ocrx_word' id='word_1_213' title='bbox 1231 2433 1371 2516; x_wconf 88' lang='lat' dir='ltr'><strong>opificem</strong></span> <span class='ocrx_word' id='word_1_214' title='bbox 1394 2435 1537 2500; x_wconf 90' lang='lat' dir='ltr'><strong>transitio</strong></span> <span class='ocrx_word' id='word_1_215' title='bbox 1559 2434 1626 2502; x_wconf 89' lang='lat' dir='ltr'><strong>fiat.</strong></span> <span class='ocrx_word' id='word_1_216' title='bbox 1673 2435 1738 2502; x_wconf 85' lang='lat' dir='ltr'><strong>Gir.</strong></span> <span class='ocrx_word' id='word_1_217' title='bbox 1762 2443 1867 2503; x_wconf 89' lang='lat' dir='ltr'><strong>tamen</strong></span> 
     </span>
     <span class='ocr_line' id='line_1_18' title="bbox 267 2551 1868 2638; baseline -0.001 -18"><span class='ocrx_word' id='word_1_218' title='bbox 267 2557 386 2622; x_wconf 92' lang='lat' dir='ltr'><strong>Phileb.</strong></span> <span class='ocrx_word' id='word_1_219' title='bbox 417 2575 450 2638; x_wconf 95' lang='lat' dir='ltr'><strong>p.</strong></span> <span class='ocrx_word' id='word_1_220' title='bbox 475 2558 528 2633; x_wconf 86' lang='grc'>26,</span> <span class='ocrx_word' id='word_1_221' title='bbox 552 2555 593 2619; x_wconf 85' lang='grc' dir='ltr'><strong>Ε.</strong></span> <span class='ocrx_word' id='word_1_222' title='bbox 617 2554 716 2619; x_wconf 91' lang='lat' dir='ltr'><strong>Porro</strong></span> <span class='ocrx_word' id='word_1_223' title='bbox 738 2572 770 2634; x_wconf 93' lang='lat' dir='ltr'><strong>p.</strong></span> <span class='ocrx_word' id='word_1_224' title='bbox 796 2557 847 2632; x_wconf 88' lang='grc'>34,</span> <span class='ocrx_word' id='word_1_225' title='bbox 872 2552 910 2617; x_wconf 89' lang='grc' dir='ltr'><strong>Ε.</strong></span> <span class='ocrx_word' id='word_1_226' title='bbox 935 2569 1013 2632; x_wconf 87' lang='lat' dir='ltr'><strong>sqq,</strong></span> <span class='ocrx_word' id='word_1_227' title='bbox 1049 2555 1215 2633; x_wconf 89' lang='lat' dir='ltr'><strong>postquam</strong></span> <span class='ocrx_word' id='word_1_228' title='bbox 1249 2552 1357 2616; x_wconf 88' lang='lat' dir='ltr'><strong>eodem</strong></span> <span class='ocrx_word' id='word_1_229' title='bbox 1391 2551 1482 2616; x_wconf 94' lang='lat' dir='ltr'><strong>modo</strong></span> <span class='ocrx_word' id='word_1_230' title='bbox 1516 2555 1551 2615; x_wconf 93' lang='lat' dir='ltr'><strong>ut</strong></span> <span class='ocrx_word' id='word_1_231' title='bbox 1580 2551 1612 2616; x_wconf 90' lang='lat' dir='ltr'><strong>h.</strong></span> <span class='ocrx_word' id='word_1_232' title='bbox 1635 2551 1656 2616; x_wconf 94' lang='lat' dir='ltr'><strong>l.</strong></span> <span class='ocrx_word' id='word_1_233' title='bbox 1680 2552 1797 2618; x_wconf 86' lang='lat' dir='ltr'><strong>factum</strong></span> <span class='ocrx_word' id='word_1_234' title='bbox 1820 2557 1868 2620; x_wconf 91' lang='grc'><strong>611</strong></span> 
     </span>
     <span class='ocr_line' id='line_1_19' title="bbox 265 2668 1868 2753; baseline -0.002 -16"><span class='ocrx_word' id='word_1_235' title='bbox 265 2677 415 2753; x_wconf 91' lang='lat' dir='ltr'><strong>quattuor</strong></span> <span class='ocrx_word' id='word_1_236' title='bbox 438 2688 545 2734; x_wconf 88' lang='lat' dir='ltr'><strong>rerum</strong></span> <span class='ocrx_word' id='word_1_237' title='bbox 568 2687 685 2751; x_wconf 87' lang='lat' dir='ltr'><strong>genera</strong></span> <span class='ocrx_word' id='word_1_238' title='bbox 716 2668 983 2746; x_wconf 87' lang='lat' dir='ltr'><strong>commemoravit,</strong></span> <span class='ocrx_word' id='word_1_239' title='bbox 1012 2685 1083 2749; x_wconf 90' lang='lat' dir='ltr'><strong>quae</strong></span> <span class='ocrx_word' id='word_1_240' title='bbox 1113 2685 1216 2733; x_wconf 89' lang='lat' dir='ltr'><strong>causae</strong></span> <span class='ocrx_word' id='word_1_241' title='bbox 1239 2673 1271 2732; x_wconf 90' lang='grc'><strong>61</strong></span> <span class='ocrx_word' id='word_1_242' title='bbox 1292 2668 1444 2750; x_wconf 89' lang='lat' dir='ltr'><strong>principia</strong></span> <span class='ocrx_word' id='word_1_243' title='bbox 1466 2668 1578 2734; x_wconf 92' lang='lat' dir='ltr'><strong>animae</strong></span> <span class='ocrx_word' id='word_1_244' title='bbox 1601 2669 1708 2734; x_wconf 91' lang='lat' dir='ltr'><strong>mundi</strong></span> <span class='ocrx_word' id='word_1_245' title='bbox 1723 2668 1868 2735; x_wconf 89' lang='lat' dir='ltr'><strong>habenda</strong></span> 
     </span>
     <span class='ocr_line' id='line_1_20' title="bbox 272 2757 1868 2870; baseline -0.004 -19"><span class='ocrx_word' id='word_1_246' title='bbox 272 2788 345 2864; x_wconf 87' lang='lat' dir='ltr'><strong>sint,</strong></span> <span class='ocrx_word' id='word_1_247' title='bbox 369 2757 474 2850; x_wconf 88' lang='lat' dir='ltr'><strong>addit:</strong></span> <span class='ocrx_word' id='word_1_248' title='bbox 498 2782 549 2846; x_wconf 84' lang='grc' dir='ltr'><strong>καὶ</strong></span> <span class='ocrx_word' id='word_1_249' title='bbox 571 2782 643 2870; x_wconf 77' lang='grc' dir='ltr'><em>τρία</em></span> <span class='ocrx_word' id='word_1_250' title='bbox 666 2781 773 2866; x_wconf 78' lang='grc' dir='ltr'><em>λαβὼν</em></span> <span class='ocrx_word' id='word_1_251' title='bbox 796 2782 874 2846; x_wconf 80' lang='grc' dir='ltr'><em>αὐτὰ</em></span> <span class='ocrx_word' id='word_1_252' title='bbox 896 2781 972 2846; x_wconf 85' lang='grc' dir='ltr'><em>ὄντα</em></span> <span class='ocrx_word' id='word_1_253' title='bbox 996 2781 1224 2869; x_wconf 77' lang='grc' dir='ltr'><em>συνεκεράσατο</em></span> <span class='ocrx_word' id='word_1_254' title='bbox 1247 2782 1289 2844; x_wconf 80' lang='grc' dir='ltr'><strong>εἰς</strong></span> <span class='ocrx_word' id='word_1_255' title='bbox 1311 2780 1386 2866; x_wconf 83' lang='grc' dir='ltr'><em>μίαν</em></span> <span class='ocrx_word' id='word_1_256' title='bbox 1409 2781 1509 2844; x_wconf 83' lang='grc' dir='ltr'><em>πάντα</em></span> <span class='ocrx_word' id='word_1_257' title='bbox 1532 2779 1627 2861; x_wconf 80' lang='grc' dir='ltr'>ἰδέαν,</span> <span class='ocrx_word' id='word_1_258' title='bbox 1650 2781 1707 2867; x_wconf 79' lang='grc' dir='ltr'><em>τὴν</em></span> <span class='ocrx_word' id='word_1_259' title='bbox 1731 2781 1868 2870; x_wconf 77' lang='grc' dir='ltr'><em>θατέρου</em></span> 
     </span>
     <span class='ocr_line' id='line_1_21' title="bbox 270 2896 1868 2985; baseline 0.002 -23"><span class='ocrx_word' id='word_1_260' title='bbox 270 2898 362 2985; x_wconf 71' lang='grc' dir='ltr'><em>φύσιν</em></span> <span class='ocrx_word' id='word_1_261' title='bbox 384 2897 550 2984; x_wconf 74' lang='grc' dir='ltr'><em>δύσμικτον</em></span> <span class='ocrx_word' id='word_1_262' title='bbox 573 2897 669 2961; x_wconf 82' lang='grc' dir='ltr'><em>οὖσαν</em></span> <span class='ocrx_word' id='word_1_263' title='bbox 691 2899 734 2960; x_wconf 78' lang='grc' dir='ltr'><strong>εἰς</strong></span> <span class='ocrx_word' id='word_1_264' title='bbox 757 2897 869 2962; x_wconf 84' lang='grc' dir='ltr'><em>ταύτόν</em></span> <span class='ocrx_word' id='word_1_265' title='bbox 892 2899 1116 2984; x_wconf 73' lang='grc' dir='ltr'><em>συναρμόττων</em></span> <span class='ocrx_word' id='word_1_266' title='bbox 1138 2896 1203 2985; x_wconf 78' lang='grc' dir='ltr'><strong>βίᾳ.</strong></span> <span class='ocrx_word' id='word_1_267' title='bbox 1243 2899 1330 2980; x_wconf 88' lang='lat' dir='ltr'><strong>Opus</strong></span> <span class='ocrx_word' id='word_1_268' title='bbox 1353 2899 1450 2982; x_wconf 85' lang='lat' dir='ltr'><strong>igitur</strong></span> <span class='ocrx_word' id='word_1_269' title='bbox 1473 2918 1541 2965; x_wconf 87' lang='lat' dir='ltr'><strong>esse</strong></span> <span class='ocrx_word' id='word_1_270' title='bbox 1563 2901 1649 2966; x_wconf 83' lang='lat' dir='ltr'><strong>vides</strong></span> <span class='ocrx_word' id='word_1_271' title='bbox 1672 2899 1789 2982; x_wconf 81' lang='lat' dir='ltr'><strong>opifice,</strong></span> <span class='ocrx_word' id='word_1_272' title='bbox 1814 2901 1868 2981; x_wconf 91' lang='lat' dir='ltr'><strong>qui</strong></span> 
     </span>
     <span class='ocr_line' id='line_1_22' title="bbox 268 3014 1869 3099; baseline -0.001 -17"><span class='ocrx_word' id='word_1_273' title='bbox 268 3017 453 3099; x_wconf 89' lang='lat' dir='ltr'><strong>principium</strong></span> <span class='ocrx_word' id='word_1_274' title='bbox 483 3034 590 3081; x_wconf 89' lang='lat' dir='ltr'><strong>rerum</strong></span> <span class='ocrx_word' id='word_1_275' title='bbox 613 3014 778 3080; x_wconf 88' lang='lat' dir='ltr'><strong>materiale</strong></span> <span class='ocrx_word' id='word_1_276' title='bbox 803 3034 873 3081; x_wconf 90' lang='lat' dir='ltr'><strong>cnm</strong></span> <span class='ocrx_word' id='word_1_277' title='bbox 896 3015 983 3094; x_wconf 88' lang='lat' dir='ltr'><strong>ideis,</strong></span> <span class='ocrx_word' id='word_1_278' title='bbox 1008 3033 1059 3080; x_wconf 91' lang='lat' dir='ltr'><strong>res</strong></span> <span class='ocrx_word' id='word_1_279' title='bbox 1081 3019 1196 3080; x_wconf 92' lang='lat' dir='ltr'><strong>natura</strong></span> <span class='ocrx_word' id='word_1_280' title='bbox 1219 3014 1437 3093; x_wconf 86' lang='lat' dir='ltr'><strong>dissociabilcs,</strong></span> <span class='ocrx_word' id='word_1_281' title='bbox 1462 3015 1638 3098; x_wconf 89' lang='lat' dir='ltr'><strong>coniungat.</strong></span> <span class='ocrx_word' id='word_1_282' title='bbox 1663 3015 1725 3081; x_wconf 88' lang='lat' dir='ltr'><strong>Res</strong></span> <span class='ocrx_word' id='word_1_283' title='bbox 1747 3015 1869 3080; x_wconf 89' lang='lat' dir='ltr'><strong>mathe-</strong></span> 
     </span>
     <span class='ocr_line' id='line_1_23' title="bbox 272 3130 1869 3198; baseline 0.001 -2"><span class='ocrx_word' id='word_1_284' title='bbox 272 3133 403 3198; x_wconf 89' lang='lat' dir='ltr'><strong>maticas</strong></span> <span class='ocrx_word' id='word_1_285' title='bbox 433 3152 452 3197; x_wconf 94' lang='lat' dir='ltr'><strong>a</strong></span> <span class='ocrx_word' id='word_1_286' title='bbox 483 3132 578 3198; x_wconf 91' lang='lat' dir='ltr'><strong>rebus</strong></span> <span class='ocrx_word' id='word_1_287' title='bbox 609 3131 750 3197; x_wconf 90' lang='lat' dir='ltr'><strong>sensibus</strong></span> <span class='ocrx_word' id='word_1_288' title='bbox 780 3130 926 3196; x_wconf 90' lang='lat' dir='ltr'><strong>subiectis</strong></span> <span class='ocrx_word' id='word_1_289' title='bbox 949 3135 1073 3195; x_wconf 93' lang='lat' dir='ltr'><strong>tantum</strong></span> <span class='ocrx_word' id='word_1_290' title='bbox 1096 3130 1268 3196; x_wconf 89' lang='lat' dir='ltr'><strong>abhorrere</strong></span> <span class='ocrx_word' id='word_1_291' title='bbox 1290 3135 1327 3196; x_wconf 94' lang='lat' dir='ltr'><strong>ut</strong></span> <span class='ocrx_word' id='word_1_292' title='bbox 1349 3130 1390 3196; x_wconf 91' lang='lat' dir='ltr'><strong>ad</strong></span> <span class='ocrx_word' id='word_1_293' title='bbox 1413 3131 1592 3196; x_wconf 89' lang='lat' dir='ltr'><strong>societatem</strong></span> <span class='ocrx_word' id='word_1_294' title='bbox 1616 3150 1687 3196; x_wconf 90' lang='lat' dir='ltr'><strong>cum</strong></span> <span class='ocrx_word' id='word_1_295' title='bbox 1709 3131 1869 3197; x_wconf 87' lang='grc'><strong>11111611-</strong></span> 
     </span>
     <span class='ocr_line' id='line_1_24' title="bbox 267 3232 1867 3330; baseline -0.001 -18"><span class='ocrx_word' id='word_1_296' title='bbox 267 3248 340 3312; x_wconf 89' lang='lat' dir='ltr'><strong>dam</strong></span> <span class='ocrx_word' id='word_1_297' title='bbox 363 3266 417 3314; x_wconf 86' lang='lat' dir='ltr'><strong>eas</strong></span> <span class='ocrx_word' id='word_1_298' title='bbox 441 3248 509 3330; x_wconf 91' lang='lat' dir='ltr'><strong>cogi</strong></span> <span class='ocrx_word' id='word_1_299' title='bbox 523 3265 651 3312; x_wconf 89' lang='lat' dir='ltr'><strong>necesse</strong></span> <span class='ocrx_word' id='word_1_300' title='bbox 673 3248 721 3326; x_wconf 88' lang='lat' dir='ltr'><strong>sit,</strong></span> <span class='ocrx_word' id='word_1_301' title='bbox 746 3264 902 3328; x_wconf 91' lang='lat' dir='ltr'><strong>nusquam</strong></span> <span class='ocrx_word' id='word_1_302' title='bbox 925 3247 1039 3312; x_wconf 91' lang='lat' dir='ltr'><strong>dicitur</strong></span> <span class='ocrx_word' id='word_1_303' title='bbox 1062 3247 1146 3328; x_wconf 90' lang='lat' dir='ltr'><strong>apud</strong></span> <span class='ocrx_word' id='word_1_304' title='bbox 1169 3246 1343 3312; x_wconf 91' lang='lat' dir='ltr'><strong>Platonem.</strong></span> <span class='ocrx_word' id='word_1_305' title='bbox 1372 3246 1590 3312; x_wconf 88' lang='lat' dir='ltr'><strong>Dissociabiles</strong></span> <span class='ocrx_word' id='word_1_306' title='bbox 1612 3265 1686 3312; x_wconf 89' lang='lat' dir='ltr'><strong>vero</strong></span> <span class='ocrx_word' id='word_1_307' title='bbox 1700 3232 1774 3311; x_wconf 85' lang='lat' dir='ltr'><strong>sunt</strong></span> <span class='ocrx_word' id='word_1_308' title='bbox 1789 3247 1867 3311; x_wconf 91' lang='lat' dir='ltr'><strong>ideae</strong></span> 
     </span>
     <span class='ocr_line' id='line_1_25' title="bbox 267 3359 1868 3448; baseline 0 -21"><span class='ocrx_word' id='word_1_309' title='bbox 267 3367 451 3429; x_wconf 74' lang='grc' dir='ltr'><strong>6116111111ὶ</strong></span> <span class='ocrx_word' id='word_1_310' title='bbox 475 3383 495 3428; x_wconf 95' lang='grc'><strong>6</strong></span> <span class='ocrx_word' id='word_1_311' title='bbox 518 3364 613 3429; x_wconf 88' lang='lat' dir='ltr'><strong>rebus</strong></span> <span class='ocrx_word' id='word_1_312' title='bbox 636 3363 780 3428; x_wconf 88' lang='lat' dir='ltr'><strong>terrenis.</strong></span> <span class='ocrx_word' id='word_1_313' title='bbox 827 3363 885 3428; x_wconf 82' lang='lat' dir='ltr'><strong>Vel</strong></span> <span class='ocrx_word' id='word_1_314' title='bbox 909 3362 990 3429; x_wconf 91' lang='lat' dir='ltr'><strong>hanc</strong></span> <span class='ocrx_word' id='word_1_315' title='bbox 1012 3363 1109 3446; x_wconf 90' lang='lat' dir='ltr'><strong>igitur</strong></span> <span class='ocrx_word' id='word_1_316' title='bbox 1132 3364 1172 3428; x_wconf 91' lang='lat' dir='ltr'><strong>ob</strong></span> <span class='ocrx_word' id='word_1_317' title='bbox 1196 3381 1323 3436; x_wconf 84' lang='lat' dir='ltr'><strong>causam</strong></span> <span class='ocrx_word' id='word_1_318' title='bbox 1347 3359 1444 3448; x_wconf 81' lang='grc' dir='ltr'><em>πέρας</em></span> <span class='ocrx_word' id='word_1_319' title='bbox 1468 3362 1499 3427; x_wconf 92' lang='lat' dir='ltr'><strong>h.</strong></span> <span class='ocrx_word' id='word_1_320' title='bbox 1523 3362 1544 3427; x_wconf 97' lang='lat' dir='ltr'><strong>l.</strong></span> <span class='ocrx_word' id='word_1_321' title='bbox 1568 3363 1724 3428; x_wconf 88' lang='lat' dir='ltr'><strong>derebus</strong></span> <span class='ocrx_word' id='word_1_322' title='bbox 1747 3362 1868 3428; x_wconf 84' lang='lat' dir='ltr'><strong>mathe</strong></span> 
     </span>
     <span class='ocr_line' id='line_1_26' title="bbox 267 3459 842 3562; baseline 0.002 -19"><span class='ocrx_word' id='word_1_323' title='bbox 267 3480 388 3544; x_wconf 89' lang='lat' dir='ltr'><strong>maticis</strong></span> <span class='ocrx_word' id='word_1_324' title='bbox 410 3498 472 3544; x_wconf 94' lang='lat' dir='ltr'><strong>non</strong></span> <span class='ocrx_word' id='word_1_325' title='bbox 495 3459 600 3562; x_wconf 89' lang='lat' dir='ltr'><strong>potest</strong></span> <span class='ocrx_word' id='word_1_326' title='bbox 623 3479 741 3545; x_wconf 91' lang='lat' dir='ltr'><strong>dictum</strong></span> <span class='ocrx_word' id='word_1_327' title='bbox 763 3497 842 3544; x_wconf 89' lang='lat' dir='ltr'><strong>esse.</strong></span> 
     </span>
    </p>

    <p class='ocr_par' dir='ltr' id='par_1_3' title="bbox 269 3594 1869 4844">
     <span class='ocr_line' id='line_1_27' title="bbox 355 3594 1867 3677; baseline 0.001 -18"><span class='ocrx_word' id='word_1_328' title='bbox 355 3595 479 3661; x_wconf 88' lang='lat' dir='ltr'><strong>Ibidem</strong></span> <span class='ocrx_word' id='word_1_329' title='bbox 501 3614 532 3677; x_wconf 95' lang='lat' dir='ltr'><strong>p.</strong></span> <span class='ocrx_word' id='word_1_330' title='bbox 558 3598 611 3674; x_wconf 89' lang='grc'>48,</span> <span class='ocrx_word' id='word_1_331' title='bbox 636 3596 676 3661; x_wconf 86' lang='grc' dir='ltr'><strong>Ε.</strong></span> <span class='ocrx_word' id='word_1_332' title='bbox 707 3614 775 3677; x_wconf 92' lang='lat' dir='ltr'><strong>sqq.</strong></span> <span class='ocrx_word' id='word_1_333' title='bbox 806 3595 916 3660; x_wconf 88' lang='lat' dir='ltr'><strong>eadem</strong></span> <span class='ocrx_word' id='word_1_334' title='bbox 945 3612 1051 3659; x_wconf 90' lang='lat' dir='ltr'><strong>rerum</strong></span> <span class='ocrx_word' id='word_1_335' title='bbox 1074 3594 1106 3658; x_wconf 92' lang='lat' dir='ltr'><strong>in</strong></span> <span class='ocrx_word' id='word_1_336' title='bbox 1129 3612 1246 3676; x_wconf 89' lang='lat' dir='ltr'><strong>genera</strong></span> <span class='ocrx_word' id='word_1_337' title='bbox 1268 3613 1326 3660; x_wconf 92' lang='lat' dir='ltr'><strong>sua</strong></span> <span class='ocrx_word' id='word_1_338' title='bbox 1349 3595 1555 3662; x_wconf 90' lang='lat' dir='ltr'><strong>distribuendi</strong></span> <span class='ocrx_word' id='word_1_339' title='bbox 1577 3595 1724 3660; x_wconf 88' lang='lat' dir='ltr'><strong>methodo</strong></span> <span class='ocrx_word' id='word_1_340' title='bbox 1746 3614 1807 3661; x_wconf 94' lang='lat' dir='ltr'><strong>non</strong></span> <span class='ocrx_word' id='word_1_341' title='bbox 1830 3612 1867 3660; x_wconf 86' lang='lat' dir='ltr'><strong>ex</strong></span> 
     </span>
     <span class='ocr_line' id='line_1_28' title="bbox 271 3709 1868 3793; baseline 0.001 -19"><span class='ocrx_word' id='word_1_342' title='bbox 271 3710 353 3774; x_wconf 91' lang='lat' dir='ltr'><strong>onmi</strong></span> <span class='ocrx_word' id='word_1_343' title='bbox 375 3714 466 3791; x_wconf 89' lang='lat' dir='ltr'><strong>parte</strong></span> <span class='ocrx_word' id='word_1_344' title='bbox 488 3729 564 3776; x_wconf 86' lang='lat' dir='ltr'><strong>vera</strong></span> <span class='ocrx_word' id='word_1_345' title='bbox 587 3717 619 3775; x_wconf 90' lang='grc'><strong>61</strong></span> <span class='ocrx_word' id='word_1_346' title='bbox 641 3711 832 3776; x_wconf 88' lang='lat' dir='ltr'><strong>correctione</strong></span> <span class='ocrx_word' id='word_1_347' title='bbox 854 3709 1013 3793; x_wconf 88' lang='lat' dir='ltr'><strong>indigente</strong></span> <span class='ocrx_word' id='word_1_348' title='bbox 1036 3710 1135 3774; x_wconf 89' lang='lat' dir='ltr'><strong>utitur</strong></span> <span class='ocrx_word' id='word_1_349' title='bbox 1157 3709 1368 3791; x_wconf 77' lang='lat' dir='ltr'><strong>philosophus</strong></span> <span class='ocrx_word' id='word_1_350' title='bbox 1393 3729 1456 3792; x_wconf 89' lang='lat' dir='ltr'><strong>qua</strong></span> <span class='ocrx_word' id='word_1_351' title='bbox 1478 3710 1536 3775; x_wconf 90' lang='lat' dir='ltr'><strong>hoc</strong></span> <span class='ocrx_word' id='word_1_352' title='bbox 1559 3710 1681 3775; x_wconf 91' lang='lat' dir='ltr'><strong>Philebi</strong></span> <span class='ocrx_word' id='word_1_353' title='bbox 1695 3711 1761 3775; x_wconf 95' lang='lat' dir='ltr'><strong>loco</strong></span> <span class='ocrx_word' id='word_1_354' title='bbox 1777 3729 1868 3775; x_wconf 91' lang='lat' dir='ltr'><strong>usum</strong></span> 
     </span>
     <span class='ocr_line' id='line_1_29' title="bbox 270 3824 1868 3907; baseline 0.003 -19"><span class='ocrx_word' id='word_1_355' title='bbox 270 3841 339 3888; x_wconf 89' lang='lat' dir='ltr'><strong>esse</strong></span> <span class='ocrx_word' id='word_1_356' title='bbox 368 3824 517 3891; x_wconf 92' lang='lat' dir='ltr'><strong>videmus.</strong></span> <span class='ocrx_word' id='word_1_357' title='bbox 565 3824 613 3890; x_wconf 84' lang='lat' dir='ltr'><strong>An</strong></span> <span class='ocrx_word' id='word_1_358' title='bbox 640 3826 717 3890; x_wconf 89' lang='lat' dir='ltr'><strong>talia</strong></span> <span class='ocrx_word' id='word_1_359' title='bbox 739 3843 815 3892; x_wconf 92' lang='lat' dir='ltr'><strong>casu</strong></span> <span class='ocrx_word' id='word_1_360' title='bbox 838 3825 980 3890; x_wconf 85' lang='lat' dir='ltr'><strong>accidere</strong></span> <span class='ocrx_word' id='word_1_361' title='bbox 1001 3830 1147 3906; x_wconf 86' lang='lat' dir='ltr'><strong>putemus</strong></span> <span class='ocrx_word' id='word_1_362' title='bbox 1169 3843 1227 3890; x_wconf 90' lang='lat' dir='ltr'><strong>nec</strong></span> <span class='ocrx_word' id='word_1_363' title='bbox 1250 3831 1394 3907; x_wconf 90' lang='lat' dir='ltr'><strong>apertum</strong></span> <span class='ocrx_word' id='word_1_364' title='bbox 1417 3829 1465 3891; x_wconf 89' lang='lat' dir='ltr'><strong>est</strong></span> <span class='ocrx_word' id='word_1_365' title='bbox 1487 3826 1649 3891; x_wconf 89' lang='lat' dir='ltr'><strong>Platonem</strong></span> <span class='ocrx_word' id='word_1_366' title='bbox 1672 3826 1740 3891; x_wconf 89' lang='lat' dir='ltr'><strong>haec</strong></span> <span class='ocrx_word' id='word_1_367' title='bbox 1762 3827 1793 3892; x_wconf 93' lang='lat' dir='ltr'><strong>in</strong></span> <span class='ocrx_word' id='word_1_368' title='bbox 1817 3827 1868 3892; x_wconf 86' lang='grc'><strong>11-</strong></span> 
     </span>
     <span class='ocr_line' id='line_1_30' title="bbox 269 3940 1867 4024; baseline 0.003 -21"><span class='ocrx_word' id='word_1_369' title='bbox 269 3958 348 4004; x_wconf 90' lang='lat' dir='ltr'><strong>maeo</strong></span> <span class='ocrx_word' id='word_1_370' title='bbox 378 3941 565 4006; x_wconf 89' lang='lat' dir='ltr'><strong>scribentem</strong></span> <span class='ocrx_word' id='word_1_371' title='bbox 595 3942 635 4006; x_wconf 91' lang='lat' dir='ltr'><strong>ad</strong></span> <span class='ocrx_word' id='word_1_372' title='bbox 651 3959 703 4006; x_wconf 86' lang='lat' dir='ltr'><strong>ea</strong></span> <span class='ocrx_word' id='word_1_373' title='bbox 731 3958 801 4021; x_wconf 90' lang='lat' dir='ltr'><strong>quae</strong></span> <span class='ocrx_word' id='word_1_374' title='bbox 834 3941 866 4005; x_wconf 91' lang='lat' dir='ltr'><strong>in</strong></span> <span class='ocrx_word' id='word_1_375' title='bbox 900 3940 1031 4006; x_wconf 88' lang='lat' dir='ltr'><strong>Philebo</strong></span> <span class='ocrx_word' id='word_1_376' title='bbox 1065 3942 1234 4022; x_wconf 88' lang='lat' dir='ltr'><strong>scripserat</strong></span> <span class='ocrx_word' id='word_1_377' title='bbox 1268 3943 1461 4024; x_wconf 82' lang='lat' dir='ltr'><strong>respexisse?</strong></span> <span class='ocrx_word' id='word_1_378' title='bbox 1507 3942 1650 4022; x_wconf 91' lang='lat' dir='ltr'><strong>Denique</strong></span> <span class='ocrx_word' id='word_1_379' title='bbox 1683 3962 1714 4024; x_wconf 94' lang='lat' dir='ltr'><strong>p.</strong></span> <span class='ocrx_word' id='word_1_380' title='bbox 1740 3947 1791 4021; x_wconf 88' lang='grc'>52,</span> <span class='ocrx_word' id='word_1_381' title='bbox 1827 3943 1867 4008; x_wconf 88' lang='grc' dir='ltr'><strong>Ι).</strong></span> 
     </span>
     <span class='ocr_line' id='line_1_31' title="bbox 270 4057 1867 4140; baseline 0.001 -20"><span class='ocrx_word' id='word_1_382' title='bbox 270 4075 376 4121; x_wconf 90' lang='lat' dir='ltr'><strong>rerum</strong></span> <span class='ocrx_word' id='word_1_383' title='bbox 401 4075 518 4138; x_wconf 88' lang='lat' dir='ltr'><strong>genera</strong></span> <span class='ocrx_word' id='word_1_384' title='bbox 539 4057 603 4122; x_wconf 92' lang='lat' dir='ltr'><strong>tria</strong></span> <span class='ocrx_word' id='word_1_385' title='bbox 625 4057 734 4122; x_wconf 87' lang='lat' dir='ltr'><strong>eodem</strong></span> <span class='ocrx_word' id='word_1_386' title='bbox 757 4057 865 4122; x_wconf 88' lang='lat' dir='ltr'><strong>ordine</strong></span> <span class='ocrx_word' id='word_1_387' title='bbox 887 4062 1089 4122; x_wconf 87' lang='lat' dir='ltr'><strong>recensentur</strong></span> <span class='ocrx_word' id='word_1_388' title='bbox 1113 4058 1220 4138; x_wconf 94' lang='lat' dir='ltr'><strong>quoin</strong></span> <span class='ocrx_word' id='word_1_389' title='bbox 1236 4058 1375 4138; x_wconf 90' lang='lat' dir='ltr'><strong>Philebo,</strong></span> <span class='ocrx_word' id='word_1_390' title='bbox 1406 4060 1451 4124; x_wconf 93' lang='lat' dir='ltr'><strong>ita</strong></span> <span class='ocrx_word' id='word_1_391' title='bbox 1474 4059 1598 4140; x_wconf 89' lang='lat' dir='ltr'><strong>quidem</strong></span> <span class='ocrx_word' id='word_1_392' title='bbox 1613 4063 1650 4122; x_wconf 93' lang='lat' dir='ltr'><strong>ut</strong></span> <span class='ocrx_word' id='word_1_393' title='bbox 1665 4059 1774 4124; x_wconf 87' lang='lat' dir='ltr'><strong>eadem</strong></span> <span class='ocrx_word' id='word_1_394' title='bbox 1791 4059 1867 4124; x_wconf 90' lang='lat' dir='ltr'><strong>adeo</strong></span> 
     </span>
     <span class='ocr_line' id='line_1_32' title="bbox 270 4172 1868 4256; baseline 0.003 -23"><span class='ocrx_word' id='word_1_395' title='bbox 270 4172 368 4237; x_wconf 88' lang='lat' dir='ltr'><strong>verba</strong></span> <span class='ocrx_word' id='word_1_396' title='bbox 391 4178 565 4251; x_wconf 85' lang='lat' dir='ltr'><strong>recmrant,</strong></span> <span class='ocrx_word' id='word_1_397' title='bbox 595 4190 666 4253; x_wconf 83' lang='lat' dir='ltr'><strong>qua</strong></span> <span class='ocrx_word' id='word_1_398' title='bbox 688 4173 752 4237; x_wconf 92' lang='lat' dir='ltr'><strong>illic</strong></span> <span class='ocrx_word' id='word_1_399' title='bbox 775 4172 918 4239; x_wconf 89' lang='lat' dir='ltr'><strong>adhibita</strong></span> <span class='ocrx_word' id='word_1_400' title='bbox 940 4178 1022 4239; x_wconf 90' lang='lat' dir='ltr'><strong>sunt.</strong></span> <span class='ocrx_word' id='word_1_401' title='bbox 1062 4175 1122 4239; x_wconf 86' lang='lat' dir='ltr'><strong>Vix</strong></span> <span class='ocrx_word' id='word_1_402' title='bbox 1144 4173 1241 4256; x_wconf 89' lang='lat' dir='ltr'><strong>igitur</strong></span> <span class='ocrx_word' id='word_1_403' title='bbox 1263 4174 1335 4239; x_wconf 89' lang='lat' dir='ltr'><strong>licet</strong></span> <span class='ocrx_word' id='word_1_404' title='bbox 1357 4174 1522 4238; x_wconf 91' lang='lat' dir='ltr'><strong>Philebum</strong></span> <span class='ocrx_word' id='word_1_405' title='bbox 1546 4174 1636 4238; x_wconf 89' lang='lat' dir='ltr'><strong>aliter</strong></span> <span class='ocrx_word' id='word_1_406' title='bbox 1659 4174 1799 4255; x_wconf 88' lang='lat' dir='ltr'><strong>accipere</strong></span> <span class='ocrx_word' id='word_1_407' title='bbox 1822 4177 1868 4239; x_wconf 94' lang='lat' dir='ltr'><strong>at-</strong></span> 
     </span>
     <span class='ocr_line' id='line_1_33' title="bbox 273 4286 1868 4372; baseline 0.003 -21"><span class='ocrx_word' id='word_1_408' title='bbox 273 4303 333 4366; x_wconf 90' lang='lat' dir='ltr'><strong>que</strong></span> <span class='ocrx_word' id='word_1_409' title='bbox 356 4286 388 4352; x_wconf 94' lang='lat' dir='ltr'><strong>bi</strong></span> <span class='ocrx_word' id='word_1_410' title='bbox 411 4289 521 4354; x_wconf 86' lang='lat' dir='ltr'><strong>Timaei</strong></span> <span class='ocrx_word' id='word_1_411' title='bbox 543 4288 603 4353; x_wconf 90' lang='lat' dir='ltr'><strong>loci</strong></span> <span class='ocrx_word' id='word_1_412' title='bbox 626 4294 659 4352; x_wconf 91' lang='lat' dir='ltr'><strong>ct</strong></span> <span class='ocrx_word' id='word_1_413' title='bbox 681 4289 876 4370; x_wconf 90' lang='lat' dir='ltr'><strong>accipiuntur</strong></span> <span class='ocrx_word' id='word_1_414' title='bbox 899 4293 931 4354; x_wconf 89' lang='grc'><strong>61</strong></span> <span class='ocrx_word' id='word_1_415' title='bbox 954 4289 1052 4371; x_wconf 87' lang='lat' dir='ltr'><strong>accipi</strong></span> <span class='ocrx_word' id='word_1_416' title='bbox 1075 4290 1200 4355; x_wconf 89' lang='lat' dir='ltr'><strong>debent.</strong></span> <span class='ocrx_word' id='word_1_417' title='bbox 1225 4290 1315 4369; x_wconf 85' lang='lat' dir='ltr'><strong>Quod</strong></span> <span class='ocrx_word' id='word_1_418' title='bbox 1338 4291 1364 4355; x_wconf 90' lang='lat' dir='ltr'><strong>si</strong></span> <span class='ocrx_word' id='word_1_419' title='bbox 1386 4289 1482 4372; x_wconf 91' lang='lat' dir='ltr'><strong>igitur</strong></span> <span class='ocrx_word' id='word_1_420' title='bbox 1504 4290 1535 4354; x_wconf 93' lang='lat' dir='ltr'><strong>in</strong></span> <span class='ocrx_word' id='word_1_421' title='bbox 1553 4289 1670 4354; x_wconf 77' lang='lat' dir='ltr'><strong>Timaeo</strong></span> <span class='ocrx_word' id='word_1_422' title='bbox 1693 4291 1787 4355; x_wconf 89' lang='lat' dir='ltr'><strong>rebus</strong></span> <span class='ocrx_word' id='word_1_423' title='bbox 1803 4309 1868 4356; x_wconf 92' lang='lat' dir='ltr'><strong>ma-</strong></span> 
     </span>
     <span class='ocr_line' id='line_1_34' title="bbox 272 4397 1869 4487; baseline 0.004 -23"><span class='ocrx_word' id='word_1_424' title='bbox 272 4400 447 4470; x_wconf 90' lang='lat' dir='ltr'><strong>thematicis</strong></span> <span class='ocrx_word' id='word_1_425' title='bbox 469 4404 555 4469; x_wconf 91' lang='lat' dir='ltr'><strong>locus</strong></span> <span class='ocrx_word' id='word_1_426' title='bbox 577 4421 639 4469; x_wconf 93' lang='lat' dir='ltr'><strong>uon</strong></span> <span class='ocrx_word' id='word_1_427' title='bbox 662 4409 711 4468; x_wconf 89' lang='lat' dir='ltr'><strong>est</strong></span> <span class='ocrx_word' id='word_1_428' title='bbox 731 4405 763 4468; x_wconf 93' lang='lat' dir='ltr'><strong>in</strong></span> <span class='ocrx_word' id='word_1_429' title='bbox 787 4404 845 4482; x_wconf 91' lang='lat' dir='ltr'><strong>bis,</strong></span> <span class='ocrx_word' id='word_1_430' title='bbox 870 4404 981 4469; x_wconf 92' lang='lat' dir='ltr'><strong>necin</strong></span> <span class='ocrx_word' id='word_1_431' title='bbox 1004 4404 1134 4470; x_wconf 89' lang='lat' dir='ltr'><strong>Philebo</strong></span> <span class='ocrx_word' id='word_1_432' title='bbox 1157 4405 1226 4484; x_wconf 89' lang='lat' dir='ltr'><strong>erit,</strong></span> <span class='ocrx_word' id='word_1_433' title='bbox 1251 4423 1344 4487; x_wconf 91' lang='lat' dir='ltr'><strong>porro</strong></span> <span class='ocrx_word' id='word_1_434' title='bbox 1368 4423 1464 4486; x_wconf 91' lang='lat' dir='ltr'><strong>quum</strong></span> <span class='ocrx_word' id='word_1_435' title='bbox 1485 4405 1517 4468; x_wconf 92' lang='lat' dir='ltr'><strong>in</strong></span> <span class='ocrx_word' id='word_1_436' title='bbox 1541 4397 1658 4470; x_wconf 88' lang='lat' dir='ltr'><strong>Timaeo</strong></span> <span class='ocrx_word' id='word_1_437' title='bbox 1681 4423 1787 4470; x_wconf 89' lang='lat' dir='ltr'><strong>rerum</strong></span> <span class='ocrx_word' id='word_1_438' title='bbox 1808 4405 1869 4471; x_wconf 90' lang='lat' dir='ltr'><strong>ele-</strong></span> 
     </span>
     <span class='ocr_line' id='line_1_35' title="bbox 272 4518 1869 4602; baseline 0.003 -21"><span class='ocrx_word' id='word_1_439' title='bbox 272 4525 410 4584; x_wconf 89' lang='lat' dir='ltr'><strong>mentum</strong></span> <span class='ocrx_word' id='word_1_440' title='bbox 433 4520 627 4601; x_wconf 85' lang='lat' dir='ltr'><strong>praecipuum</strong></span> <span class='ocrx_word' id='word_1_441' title='bbox 650 4518 728 4583; x_wconf 80' lang='lat' dir='ltr'><strong>idea</strong></span> <span class='ocrx_word' id='word_1_442' title='bbox 751 4519 822 4597; x_wconf 90' lang='lat' dir='ltr'><strong>sint,</strong></span> <span class='ocrx_word' id='word_1_443' title='bbox 845 4520 964 4584; x_wconf 85' lang='lat' dir='ltr'><strong>eaedem</strong></span> <span class='ocrx_word' id='word_1_444' title='bbox 980 4520 1076 4584; x_wconf 90' lang='lat' dir='ltr'><strong>etiam</strong></span> <span class='ocrx_word' id='word_1_445' title='bbox 1091 4520 1122 4585; x_wconf 93' lang='lat' dir='ltr'><strong>in</strong></span> <span class='ocrx_word' id='word_1_446' title='bbox 1138 4520 1268 4586; x_wconf 90' lang='lat' dir='ltr'><strong>Philebo</strong></span> <span class='ocrx_word' id='word_1_447' title='bbox 1282 4521 1383 4584; x_wconf 93' lang='lat' dir='ltr'><strong>locum</strong></span> <span class='ocrx_word' id='word_1_448' title='bbox 1399 4538 1491 4585; x_wconf 90' lang='lat' dir='ltr'><strong>suum</strong></span> <span class='ocrx_word' id='word_1_449' title='bbox 1507 4521 1708 4602; x_wconf 89' lang='lat' dir='ltr'><strong>obtinebunt;</strong></span> <span class='ocrx_word' id='word_1_450' title='bbox 1736 4521 1869 4602; x_wconf 91' lang='lat' dir='ltr'><strong>denique</strong></span> 
     </span>
     <span class='ocr_line' id='line_1_36' title="bbox 270 4631 1868 4720; baseline 0 -20"><span class='ocrx_word' id='word_1_451' title='bbox 270 4654 367 4716; x_wconf 92' lang='lat' dir='ltr'><strong>quum</strong></span> <span class='ocrx_word' id='word_1_452' title='bbox 390 4636 422 4700; x_wconf 94' lang='lat' dir='ltr'><strong>in</strong></span> <span class='ocrx_word' id='word_1_453' title='bbox 446 4636 564 4720; x_wconf 79' lang='lat' dir='ltr'><strong>Timaeo</strong></span> <span class='ocrx_word' id='word_1_454' title='bbox 586 4654 682 4701; x_wconf 88' lang='lat' dir='ltr'><strong>causa</strong></span> <span class='ocrx_word' id='word_1_455' title='bbox 704 4635 826 4700; x_wconf 84' lang='lat' dir='ltr'><strong>motrix·</strong></span> <span class='ocrx_word' id='word_1_456' title='bbox 841 4633 891 4719; x_wconf 82' lang='grc' dir='ltr'><strong>(τὸ</strong></span> <span class='ocrx_word' id='word_1_457' title='bbox 912 4631 1022 4718; x_wconf 81' lang='grc' dir='ltr'><em>αἴτιον)</em></span> <span class='ocrx_word' id='word_1_458' title='bbox 1047 4637 1133 4700; x_wconf 90' lang='lat' dir='ltr'><strong>Deus</strong></span> <span class='ocrx_word' id='word_1_459' title='bbox 1156 4636 1205 4715; x_wconf 92' lang='lat' dir='ltr'><strong>sit,</strong></span> <span class='ocrx_word' id='word_1_460' title='bbox 1234 4637 1329 4701; x_wconf 91' lang='lat' dir='ltr'><strong>etiam</strong></span> <span class='ocrx_word' id='word_1_461' title='bbox 1352 4636 1384 4700; x_wconf 93' lang='lat' dir='ltr'><strong>in</strong></span> <span class='ocrx_word' id='word_1_462' title='bbox 1406 4634 1536 4702; x_wconf 92' lang='lat' dir='ltr'><strong>Philebo</strong></span> <span class='ocrx_word' id='word_1_463' title='bbox 1559 4654 1654 4701; x_wconf 89' lang='lat' dir='ltr'><strong>causa</strong></span> <span class='ocrx_word' id='word_1_464' title='bbox 1677 4637 1763 4701; x_wconf 76' lang='lat' dir='ltr'><strong>carius</strong></span> <span class='ocrx_word' id='word_1_465' title='bbox 1786 4636 1868 4700; x_wconf 89' lang='lat' dir='ltr'><strong>idem</strong></span> 
     </span>
     <span class='ocr_line' id='line_1_37' title="bbox 270 4733 1397 4844; baseline 0.001 -30"><span class='ocrx_word' id='word_1_466' title='bbox 270 4770 384 4816; x_wconf 88' lang='lat' dir='ltr'><strong>munus</strong></span> <span class='ocrx_word' id='word_1_467' title='bbox 408 4757 540 4816; x_wconf 90' lang='lat' dir='ltr'><strong>estnon</strong></span> <span class='ocrx_word' id='word_1_468' title='bbox 563 4751 678 4844; x_wconf 89' lang='lat' dir='ltr'><strong>poterit</strong></span> <span class='ocrx_word' id='word_1_469' title='bbox 699 4769 761 4816; x_wconf 93' lang='lat' dir='ltr'><strong>non</strong></span> <span class='ocrx_word' id='word_1_470' title='bbox 784 4751 886 4815; x_wconf 91' lang='lat' dir='ltr'><strong>Deum</strong></span> <span class='ocrx_word' id='word_1_471' title='bbox 910 4749 1095 4833; x_wconf 89' lang='lat' dir='ltr'><strong>significare.</strong></span> <span class='ocrx_word' id='word_1_472' title='bbox 1394 4733 1397 4740; x_wconf 43' lang='lat'><strong>¹</strong></span> 
     </span>
    </p>

    <p class='ocr_par' dir='ltr' id='par_1_4' title="bbox 271 4865 1868 5069">
     <span class='ocr_line' id='line_1_38' title="bbox 360 4865 1868 4949; baseline -0.001 -18"><span class='ocrx_word' id='word_1_473' title='bbox 360 4866 512 4949; x_wconf 89' lang='lat' dir='ltr'><strong>Magnam</strong></span> <span class='ocrx_word' id='word_1_474' title='bbox 534 4885 607 4932; x_wconf 88' lang='lat' dir='ltr'><strong>vero</strong></span> <span class='ocrx_word' id='word_1_475' title='bbox 631 4865 847 4932; x_wconf 86' lang='lat' dir='ltr'><strong>difficultatem</strong></span> <span class='ocrx_word' id='word_1_476' title='bbox 871 4884 980 4931; x_wconf 88' lang='lat' dir='ltr'><strong>creare</strong></span> <span class='ocrx_word' id='word_1_477' title='bbox 1001 4868 1125 4932; x_wconf 84' lang='lat' dir='ltr'><strong>videtur</strong></span> <span class='ocrx_word' id='word_1_478' title='bbox 1148 4866 1270 4932; x_wconf 89' lang='lat' dir='ltr'><strong>Philebi</strong></span> <span class='ocrx_word' id='word_1_479' title='bbox 1291 4867 1378 4932; x_wconf 89' lang='lat' dir='ltr'><strong>locus</strong></span> <span class='ocrx_word' id='word_1_480' title='bbox 1401 4867 1454 4948; x_wconf 93' lang='lat' dir='ltr'><strong>qui</strong></span> <span class='ocrx_word' id='word_1_481' title='bbox 1477 4872 1525 4932; x_wconf 90' lang='lat' dir='ltr'><strong>est</strong></span> <span class='ocrx_word' id='word_1_482' title='bbox 1539 4886 1570 4949; x_wconf 91' lang='lat' dir='ltr'><strong>p.</strong></span> <span class='ocrx_word' id='word_1_483' title='bbox 1588 4873 1639 4946; x_wconf 83' lang='lat'><strong>25,</strong></span> <span class='ocrx_word' id='word_1_484' title='bbox 1657 4868 1695 4933; x_wconf 87' lang='grc' dir='ltr'><strong>Α.</strong></span> <span class='ocrx_word' id='word_1_485' title='bbox 1724 4865 1786 4930; x_wconf 72' lang='lat' dir='ltr'><strong>aa</strong></span> <span class='ocrx_word' id='word_1_486' title='bbox 1814 4866 1868 4930; x_wconf 77' lang='lat' dir='ltr'><strong>od-</strong></span> 
     </span>
     <span class='ocr_line' id='line_1_39' title="bbox 271 4979 1868 5069; baseline 0.003 -27"><span class='ocrx_word' id='word_1_487' title='bbox 271 4984 343 5043; x_wconf 78' lang='grc' dir='ltr'><em>κοῦν</em></span> <span class='ocrx_word' id='word_1_488' title='bbox 371 4980 410 5043; x_wconf 85' lang='grc' dir='ltr'><em>τὰ</em></span> <span class='ocrx_word' id='word_1_489' title='bbox 433 4979 476 5065; x_wconf 72' lang='grc' dir='ltr'><strong>μὴ</strong></span> <span class='ocrx_word' id='word_1_490' title='bbox 500 4980 652 5067; x_wconf 79' lang='grc' dir='ltr'><em>δεχόμενα</em></span> <span class='ocrx_word' id='word_1_491' title='bbox 675 4982 781 5056; x_wconf 82' lang='grc' dir='ltr'><em>ταῦτα,</em></span> <span class='ocrx_word' id='word_1_492' title='bbox 804 4979 922 5044; x_wconf 82' lang='grc' dir='ltr'><em>τούτων</em></span> <span class='ocrx_word' id='word_1_493' title='bbox 946 4980 982 5043; x_wconf 87' lang='grc' dir='ltr'><strong>δὲ</strong></span> <span class='ocrx_word' id='word_1_494' title='bbox 1004 4981 1044 5042; x_wconf 83' lang='grc' dir='ltr'><em>τὰ</em></span> <span class='ocrx_word' id='word_1_495' title='bbox 1066 4980 1188 5044; x_wconf 77' lang='grc' dir='ltr'><em>ἐναντία</em></span> <span class='ocrx_word' id='word_1_496' title='bbox 1211 4981 1311 5044; x_wconf 87' lang='grc' dir='ltr'><em>πάντα</em></span> <span class='ocrx_word' id='word_1_497' title='bbox 1333 4981 1496 5069; x_wconf 78' lang='grc' dir='ltr'><em>δεχόμενα,</em></span> <span class='ocrx_word' id='word_1_498' title='bbox 1519 4987 1645 5067; x_wconf 84' lang='grc' dir='ltr'><em>πρῶτον</em></span> <span class='ocrx_word' id='word_1_499' title='bbox 1666 4982 1724 5068; x_wconf 84' lang='grc' dir='ltr'><strong>μὲν</strong></span> <span class='ocrx_word' id='word_1_500' title='bbox 1745 4983 1782 5046; x_wconf 86' lang='grc' dir='ltr'><em>τὸ</em></span> <span class='ocrx_word' id='word_1_501' title='bbox 1801 4981 1868 5046; x_wconf 88' lang='grc' dir='ltr'><em>ἴσον</em></span> 
     </span>
    </p>
   </div>
   <div class='ocr_carea' id='block_1_3' title="bbox 0 0 2107 6244">
    <p class='ocr_par' dir='ltr' id='par_1_5' title="bbox 0 0 2107 6244">
     <span class='ocr_line' id='line_1_40' title="bbox 0 0 2107 6244; baseline 0 0"><span class='ocrx_word' id='word_1_502' title='bbox 0 0 2107 6244; x_wconf 95' lang='lat' dir='ltr'><strong> </strong></span> 
     </span>
    </p>
   </div>
  </div>
 </body>
</html>
