4190 6246
950 452 1172 512 „13-

251 651 310 732 qui
332 653 381 715 est
402 667 435 729 p.
460 650 512 723 04,
538 646 574 710 C.
599 662 667 724 sqq.
691 662 753 707 non
768 646 853 706 rectc
869 641 1010 722 accipere
1032 642 1072 706 V.
1097 642 1137 705 Ι).
1160 640 1192 705 in
1215 646 1323 721 aperto
1347 645 1405 707 est.
1432 641 1514 706 Nam
1537 642 1581 707 ibi
1604 660 1777 706 sennonem
1800 659 1860 704 non

257 785 328 832 esse
350 765 390 830 de
412 781 507 829 causa
529 779 568 826 ea
591 777 663 840 quae
687 758 809 824 diversa
831 756 987 822 mixtionis
1011 756 1165 828 elementa
1187 757 1218 820 in
1241 775 1338 820 unum
1361 757 1444 838 coire
1466 755 1561 822 faciat
1589 758 1639 822 vel
1667 761 1773 840 cogat,
1806 757 1861 822 sod

259 883 300 948 de
330 901 368 948 ea
396 897 466 962 quae
498 877 613 943 efficiat
635 879 671 940 ut
694 872 801 939 mixtio
823 891 897 937 vere
924 872 1031 937 mixtio
1055 871 1115 938 dici
1143 864 1256 952 possit,
1288 890 1346 937 nec
1369 870 1524 956 ξιιμᾳορά,
1547 891 1637 937 nemo
1661 872 1860 936 dubitaverit.

261 999 338 1063 Eius
359 1016 434 1062 vero
457 995 504 1058 rei
527 1010 596 1059 esse
618 991 721 1056 ideam
744 1007 872 1054 causam
896 991 1006 1068 sponte
1028 991 1126 1067 patet.

347 1114 392 1177 lis
421 1129 493 1191 quae
519 1109 582 1174 iam
605 1105 744 1187 exposita
767 1109 840 1170 sunt
863 1101 950 1167 addit
974 1102 1113 1167 Zellems
1136 1102 1217 1168 haec:
1256 1102 1502 1184 Descriptionem
1527 1101 1659 1187 πέρατος
1682 1104 1728 1168 ita
1750 1121 1783 1168 se
1806 1103 1861 1166 ha-

260 1231 339 1294 bere
361 1234 398 1292 ut
421 1227 462 1290 ad
484 1225 571 1290 ideas
593 1221 750 1303 pertinere
772 1235 835 1282 uon
857 1217 964 1298 possit.
989 1217 1032 1282 lis
1055 1234 1126 1296 quae
1147 1235 1178 1297 p.
1205 1219 1256 1294 25,
1274 1216 1312 1280 Α.
1330 1218 1370 1280 Ι).
1393 1218 1539 1299 legantur
1554 1236 1605 1283 res
1623 1218 1862 1284 mathematicas

265 1347 412 1408 accurate
435 1339 576 1415 describi,
599 1309 771 1400 ideasnon
795 1336 950 1409 accurate,
976 1349 1072 1412 qumn
1095 1331 1173 1396 idea
1196 1331 1291 1396 latius
1314 1337 1444 1412 pateant
1467 1353 1560 1414 quam
1584 1335 1707 1398 numeri
1730 1341 1762 1398 et
1777 1353 1862 1398 men-

263 1475 357 1535 surae,
387 1474 444 1520 nec
469 1453 643 1518 verosimile
667 1452 707 1516 sit
729 1467 800 1515 eam
822 1448 966 1513 idearum
988 1447 1214 1528 proprietatem
1236 1448 1305 1512 ideo
1327 1448 1484 1530 praecipue
1507 1451 1622 1531 urgeri,
1647 1469 1708 1514 non
1731 1450 1862 1514 exclusis

263 1571 388 1652 reliquis
410 1568 664 1651 proprietatibus,
696 1565 847 1630 vocabudo
871 1559 1005 1648 πέρατος
1029 1562 1112 1643 quod
1135 1563 1181 1645 τῷ
1205 1561 1323 1647 ἀπείρῳ
1339 1563 1371 1627 b.
1394 1564 1415 1627 l.
1441 1569 1653 1646 opponantur3
1689 1583 1757 1630 esse
1780 1567 1860 1630 enim

261 1689 293 1752 b.
317 1687 338 1751 l.
362 1685 486 1750 Platoni
509 1688 618 1764 aperte
640 1681 834 1763 propositum
858 1684 1039 1744 accuratam
1062 1683 1094 1742 et
1116 1678 1324 1742 universalem
1348 1679 1540 1744 diversorum
1562 1681 1783 1762 principiorum
1810 1683 1862 1746 de

157 1787 163 1798 ’
259 1803 432 1868 finitionem
455 1799 614 1864 exhibere.
639 1798 756 1862 Gontra
779 1813 817 1860 ea
839 1812 1001 1858 monemus
1024 1793 1096 1858 hoc:
1132 1793 1290 1873 portinere
1312 1793 1395 1858 bunc
1417 1795 1519 1858 locum
1542 1795 1582 1860 ad
1607 1793 1759 1880 ἀριθμοὺς
1782 1793 1862 1881 εἰδη-

259 1915 375 1998 τικοὺς;
412 1934 522 1981 eorum
552 1913 776 1995 proprietatem
807 1913 953 1976 accurate
983 1909 1117 1974 describi
1139 1909 1171 1972 b.
1195 1909 1228 1972 l..
1255 1908 1376 1988 reliqua
1398 1927 1459 1972 non
1482 1910 1594 1991 respici
1617 1911 1649 1974 h.
1672 1911 1703 1986 l.,
1729 1912 1794 1976 eius
1816 1914 1863 1976 rei

263 2037 483 2118 argumentum
507 2047 575 2094 esse
598 2047 668 2109 quae
691 2047 723 2108 p.
748 2031 799 2104 64,
826 2027 860 2091 G.
885 2025 925 2088 de
947 2025 978 2088 vi
1002 2041 1156 2089 mensurae
1181 2024 1392 2104 disserantur,
1429 2044 1522 2106 porro
1554 2024 1863 2114 venenosissima

262 2171 323 2216 nou
357 2166 425 2215 csse
458 2148 560 2212 locmn
595 2144 793 2219 habituram,
830 2142 855 2205 si
885 2140 953 2205 haec
976 2138 1015 2204 de
1038 2140 1132 2204 rebus
1156 2139 1385 2204 mathematicis
1411 2141 1684 2223 intellegantur31)
1721 2143 1803 2230 quod
1838 2144 1863 2208 si

261 2266 402 2332 Zellenrs
429 2261 564 2343 opinioni
587 2259 786 2324 firmamenta
809 2274 953 2336 quarens
977 2256 1018 2320 ad
1041 2255 1241 2321 Aristotelem
1263 2275 1318 2320 nos
1342 2257 1475 2337 ableget,
1501 2257 1554 2336 qui
1576 2264 1693 2338 praeter
1715 2259 1801 2324 ideas
1833 2267 1864 2324 et

264 2380 443 2460 materiam
460 2377 573 2458 saepius
604 2392 655 2438 res
686 2372 926 2436 mathematicas
960 2376 1110 2451 tanquam
1133 2373 1261 2435 tertium
1284 2389 1389 2435 rerum
1413 2390 1511 2453 genus
1533 2380 1768 2453 commemoret,
1803 2394 1863 2440 non

264 2496 382 2560 debere
412 2493 471 2558 hoc
499 2510 569 2556 eam
598 2491 661 2554 vim
691 2489 810 2553 babere
832 2492 868 2551 ut
891 2487 1014 2551 Platoni
1038 2505 1108 2551 eam
1132 2486 1304 2552 doctrinam
1327 2486 1542 2551 obtrudamus.
1590 2487 1654 2553 Cfr.
1678 2490 1718 2553 H.
1743 2490 1863 2556 Bonita.

251 2630 374 2676 comm.
400 2610 442 2673 ad
464 2607 561 2672 Arist.
585 2607 663 2670 Met.
687 2625 718 2686 p.
743 2607 797 2669 92.
830 2603 952 2682 »Quum
975 2608 1080 2666 autem
1104 2601 1194 2678 Plato
1217 2620 1324 2666 veram
1348 2608 1379 2666 et
1403 2603 1578 2668 absolutam
1595 2606 1760 2669 essentiam
1776 2607 1865 2671 unice

264 2727 344 2790 ideis
365 2724 529 2800 tribueret,
554 2721 675 2802 reliqua
691 2721 761 2785 sive
786 2718 1009 2783 mathematica
1032 2719 1096 2782 sive
1120 2716 1277 2782 sensibilia
1299 2723 1429 2782 eatenus
1453 2707 1520 2782 esse
1536 2725 1685 2796 conseret,
1711 2724 1865 2801 quatenus

267 2857 307 2902 ex
335 2837 413 2902 ideis
440 2841 564 2918 partem
586 2836 742 2916 quandam
766 2810 910 2900 essentiae
933 2829 1135 2913 recepissent,
1170 2831 1355 2896 Aristoteles
1379 2833 1573 2913 aliquantum
1595 2834 1772 2899 immutavit
1794 2836 1865 2901 Pla-

269 2953 350 3017 tonis
374 2952 569 3029 sententiam,
597 2951 679 3031 qnod
703 2950 764 3014 tria
786 2950 855 3014 haec
878 2966 995 3030 genera
1018 2947 1145 3023 entium,
1171 2948 1259 3026 quasi
1284 2966 1354 3028 quae
1378 2949 1487 3013 eodem
1511 2955 1614 3014 essent
1629 2951 1705 3029 iure,
1730 2952 1816 3016 iuxta
1832 2971 1865 3033 se

267 3068 395 3150 posuit»
422 3072 481 3131 etc.
504 3067 642 3131 Platonis
665 3071 749 3129 certe
770 3064 872 3128 locum
895 3082 952 3145 pro
977 3081 1072 3127 causa
1095 3081 1152 3126 sua
1175 3061 1295 3126 nullum
1318 3063 1459 3144 proferre
1475 3065 1613 3135 Zellerus
1629 3067 1739 3146 potuit.
1755 3066 1864 3132 Mundi

266 3201 340 3248 vero
363 3183 476 3259 anima,
500 3200 595 3262 quam
615 3181 754 3267 Zellerus
769 3181 790 3245 l.
807 3180 828 3244 l.
845 3180 887 3257 Il,
907 3182 936 3243 1.
953 3198 984 3259 p.
1002 3182 1067 3244 500
1084 3178 1182 3243 cdxl.
1199 3178 1232 3242 in
1248 3178 1396 3242 auxilium
1413 3180 1548 3259 adducit,
1566 3187 1598 3245 et
1614 3180 1653 3241 τὰ
1664 3179 1865 3268 μαθηματικὰ

264 3303 298 3362 et
320 3296 472 3382 ἁρμονικὰ
494 3272 565 3362 ιιοιι
579 3302 652 3362 sunt
675 3297 767 3373 idem,
793 3302 824 3360 et
847 3294 1084 3376 parallelismus,
1110 3313 1202 3374 quem
1226 3295 1307 3359 inter
1331 3294 1413 3360 bunc
1429 3295 1551 3360 Philebi
1565 3297 1666 3362 locum
1682 3304 1714 3361 et
1729 3271 1865 3362 animam

266 3413 457 3477 mundanam
480 3412 590 3476 Timaei
613 3412 724 3476 statuit
747 3429 816 3476 esse
838 3411 941 3475 nullus
965 3414 1022 3488 cst,
1047 3427 1105 3474 nec
1127 3415 1230 3490 potest
1253 3428 1329 3488 esse,
1354 3429 1451 3490 quum
1473 3412 1505 3476 h.
1529 3413 1550 3476 l.
1575 3413 1614 3478 de
1636 3413 1794 3494 principiis
1817 3432 1865 3477 re

262 3547 333 3592 rum
357 3528 494 3602 realibus
517 3532 642 3610 agatur.
682 3528 829 3592 Ceterum
853 3525 910 3590 cfr.
935 3544 1005 3607 quae
1029 3545 1125 3608 supra
1148 3544 1203 3590 suo
1226 3527 1293 3591 loco
1317 3527 1356 3590 de
1379 3545 1416 3590 ea
1440 3545 1475 3590 re
1498 3528 1581 3592 dicta
1604 3533 1677 3592 sunt
1699 3534 1732 3592 ct
1753 3547 1863 3594 comm.

266 3649 406 3707 nostram
429 3644 575 3723 priorem.
1792 3731 1794 3736 Ι

354 3758 449 3822 nuuc
476 3778 533 3840 pro
564 3759 718 3824 sententia
749 3777 807 3822 sua
829 3763 1049 3840 argumentum
1073 3757 1212 3822 Zellerus
1235 3758 1306 3820 inde
1330 3758 1459 3839 repetit,
1491 3759 1588 3839 quod,
1622 3777 1718 3838 quum
1742 3760 1810 3820 vobs
1834 3767 1866 3824 et

266 3873 413 3958 ἐπιστήμη
437 3890 498 3937 non
522 3893 593 3944 cum
616 3872 686 3951 fine,
713 3873 767 3938 sed
791 3892 862 3939 cum
886 3891 1001 3955 genere
1025 3877 1137 3952 quarto
1160 3869 1256 3933 αἰτίας
1279 3861 1512 3953 componantur,
1538 3878 1569 3936 et
1584 3892 1680 3953 quum
1696 3874 1865 3938 secundum

266 3988 429 4054 Platonem
460 3989 598 4054 scientia
627 3989 757 4055 alicuius
788 3989 923 4071 dignitas
953 3993 986 4053 et
1008 3989 1124 4052 veritas
1147 3989 1187 4052 ab
1211 4005 1249 4052 ca
1272 4007 1306 4052 re
1330 3988 1473 4068 pendeat,
1497 3985 1529 4051 in
1553 4007 1615 4068 qua
1637 3989 1691 4053 illa
1712 3994 1862 4065 versetur,

266 4122 329 4168 nou
351 4122 441 4185 posse
465 4110 550 4169 recte
572 4104 641 4170 fieri
663 4110 756 4186 putat
778 4110 814 4168 ut
839 4103 927 4182 ideae,
953 4122 1022 4184 quac
1046 4103 1108 4170 sint
1131 4123 1287 4168 summum
1310 4103 1579 4184 contemplationis
1601 4103 1764 4180 obiectum,
1790 4121 1865 4184 qua-

267 4237 337 4282 rum
360 4220 552 4300 possessione
575 4221 705 4286 scientia
728 4221 857 4297 oriatur,
884 4220 924 4284 ad
948 4218 1128 4283 inferiorem
1151 4221 1204 4278 τοῦ
1229 4216 1362 4303 πέρατος
1387 4217 1520 4300 gradum
1550 4219 1767 4283 detrudantur.
1813 4219 1866 4284 Vi-

268 4334 381 4399 dentur
415 4336 483 4400 haec
516 4354 577 4399 non
611 4337 643 4400 in
673 4354 724 4400 me
747 4335 808 4400 dici
830 4353 938 4417 posse,
974 4353 1083 4400 verum
1107 4335 1139 4398 in
1162 4333 1363 4399 Brandisium
1386 4339 1418 4398 et
1441 4351 1493 4398 eos
1516 4335 1569 4414 qui
1591 4335 1657 4399 eius
1680 4335 1865 4400 sententiam

267 4455 449 4529 sequuntur.
496 4430 630 4515 Videtur
658 4456 765 4515 tamen
796 4451 935 4516 Zellerus
964 4451 996 4514 in
1018 4450 1078 4514 hac
1109 4450 1377 4531 argumentatione
1406 4449 1536 4514 nimium
1565 4468 1680 4532 urgere
1709 4451 1750 4529 id,
1783 4452 1865 4530 quod

267 4563 357 4629 Plato
387 4565 457 4624 νοῦν
487 4582 556 4629 cum
587 4569 699 4644 quarto
723 4564 820 4627 αἰτίας
844 4584 957 4649 genere
981 4565 1198 4646 composuerit.
1245 4564 1338 4630 Nam.
1351 4564 1440 4628 multi
1463 4570 1593 4646 possunt
1615 4584 1683 4630 esse
1706 4567 1772 4630 eius
1795 4585 1866 4631 con-

358 4827 378 4896 ¹)
398 4828 453 4882 Clr.
473 4829 541 4882 Tim.
561 4832 604 4897 28,
618 4833 740 4884 A—29.
760 4835 792 4884 A.
813 4835 855 4899 30,
874 4832 902 4886 C.
923 4834 966 4900 46,
985 4831 1013 4885 C.
1033 4849 1071 4899 sq.
1093 4833 1136 4899 68,
1156 4831 1188 4886 Ε.
1210 4831 1302 4886 Phaed.
1324 4834 1383 4898 100,
1404 4829 1514 4884 Β-Ε,
1543 4830 1650 4884 Phaedr.
1671 4833 1732 4898 247,
1752 4831 1783 4882 l).
1805 4834 1865 4897 250,

269 4917 300 4970 B.
322 4934 361 4985 sq.
381 4917 425 4972 all.
